{
    "stocks": [
        {
            "orderbookId": "1038657",
            "type": "STOCK",
            "name": "ODI Pharma",
            "shortName": "ODI",
            "currency": "SEK",
            "countryCode": "SE",
            "marketPlaceCode": "XSAT",
            "directYield": 0.0000,
            "priceEarningsRatio": -9.21,
            "lastPrice": 2.28,
            "buyPrice": 1.84,
            "sellPrice": 2.50,
            "totalValueTraded": 0,
            "totalVolumeTraded": 0,
            "lastPriceUpdated": 1748429700000,
            "oneDayChangePercent": 0,
            "oneWeekChangePercent": 0.2527,
            "startOfYearChangePercent": 0.0270,
            "oneYearChangePercent": -0.6877,
            "oneMonthChangePercent": -0.1163,
            "threeMonthsChangePercent": -0.0087,
            "sixMonthsChangePercent": -0.1024,
            "threeYearsChangePercent": -0.5746,
            "fiveYearsChangePercent": -0.6155,
            "infinityChangePercent": -0.7973,
            "numberOfOwners": 619,
            "hasPosition": false,
            "hasAnalysis": false,
            "nextCompanyReport": "2025-05-29",
            "evEbitRatio": -10.17,
            "netDebtEbitdaRatio": 1.76,
            "pricePerSaleRatio": 1.68,
            "returnOnEquity": -8.7556,
            "priceBookRatio": 80.64,
            "earningsPerShare": -0.09,
            "dividendPerShare": 0.00,
            "equityPerShare": 0.03,
            "dividendRatio": 0.0000,
            "turnoverPerShare": 1.35,
            "marketCapitalization": 36.2863,
            "marketCap": 36286278,
            "beta": 0.38,
            "volatility": 1.6031,
            "sma20": -0.0318,
            "sma50": -0.0630,
            "sma200": -0.3707,
            "smaBetween50and200": -0.3284,
            "rsi14": 43.80165289256198,
            "rsiTrendThreeDays": 0.1218,
            "rsiTrendFiveDays": 0.0954,
            "collateralValue": 0.0000,
            "profitMargin": -0.1829,
            "debtToEquityRatio": 13.7333,
            "sales": 21540000.00,
            "totalAssets": 6630000.00,
            "totalLiabilities": 6180000.00,
            "netProfit": -3940000.00
        },
        {
            "orderbookId": "576899",
            "type": "STOCK",
            "name": "Double Bond Pharmaceutical B",
            "shortName": "DBP B",
            "currency": "SEK",
            "countryCode": "SE",
            "marketPlaceCode": "XSAT",
            "directYield": 0.0000,
            "priceEarningsRatio": -2.53,
            "lastPrice": 0.280,
            "highestPrice": 0.280,
            "lowestPrice": 0.280,
            "buyPrice": 0.255,
            "sellPrice": 0.279,
            "totalValueTraded": 725.20,
            "totalVolumeTraded": 2590,
            "lastPriceUpdated": 1748429700000,
            "oneDayChangePercent": 0.0769,
            "oneWeekChangePercent": -0.1250,
            "startOfYearChangePercent": -0.2573,
            "oneYearChangePercent": -0.4964,
            "oneMonthChangePercent": -0.0210,
            "threeMonthsChangePercent": -0.2689,
            "sixMonthsChangePercent": -0.3204,
            "threeYearsChangePercent": -0.3607,
            "fiveYearsChangePercent": -0.9130,
            "infinityChangePercent": -0.9378,
            "numberOfOwners": 1469,
            "hasPosition": false,
            "hasAnalysis": false,
            "nextCompanyReport": "2025-08-26",
            "evEbitRatio": -4.53,
            "netDebtEbitdaRatio": 0.40,
            "pricePerSaleRatio": 46.14,
            "returnOnEquity": -4.0862,
            "priceBookRatio": 10.34,
            "earningsPerShare": -0.12,
            "dividendPerShare": 0.00,
            "equityPerShare": 0.03,
            "dividendRatio": 0.0000,
            "turnoverPerShare": 0.01,
            "marketCapitalization": 29.9936,
            "marketCap": 29993630,
            "beta": 1.08,
            "volatility": 1.4342,
            "sma20": -0.2262,
            "sma50": -0.1718,
            "sma200": -0.2841,
            "smaBetween50and200": -0.1356,
            "rsi14": 30.89171974522293,
            "rsiTrendThreeDays": -0.1681,
            "rsiTrendFiveDays": -0.2271,
            "collateralValue": 0.0000,
            "profitMargin": -18.2308,
            "debtToEquityRatio": 3.0552,
            "sales": 650000.00,
            "totalAssets": 11760000.00,
            "totalLiabilities": 8860000.00,
            "netProfit": -11850000.00
        },
        {
            "orderbookId": "1252052",
            "type": "STOCK",
            "name": "Diagonal Bio",
            "shortName": "DIABIO",
            "currency": "SEK",
            "countryCode": "SE",
            "marketPlaceCode": "NSME",
            "directYield": 0.0000,
            "priceEarningsRatio": -1.28,
            "lastPrice": 0.0100,
            "highestPrice": 0.0100,
            "lowestPrice": 0.0090,
            "buyPrice": 0.0090,
            "sellPrice": 0.0100,
            "totalValueTraded": 1935.536,
            "totalVolumeTraded": 195104,
            "lastPriceUpdated": 1748429433000,
            "oneDayChangePercent": 0.0000,
            "oneWeekChangePercent": -0.2308,
            "startOfYearChangePercent": -0.3976,
            "oneYearChangePercent": -0.6914,
            "oneMonthChangePercent": -0.2857,
            "threeMonthsChangePercent": -0.3976,
            "sixMonthsChangePercent": -0.6721,
            "threeYearsChangePercent": -0.9986,
            "infinityChangePercent": -0.9993,
            "numberOfOwners": 2417,
            "hasPosition": false,
            "hasAnalysis": false,
            "nextCompanyReport": "2025-08-22",
            "evEbitRatio": -0.83,
            "netDebtEbitdaRatio": 0.57,
            "pricePerSaleRatio": 48.60,
            "returnOnEquity": -0.3336,
            "priceBookRatio": 0.43,
            "earningsPerShare": 0.03,
            "dividendPerShare": 0.00,
            "equityPerShare": 0.02,
            "dividendRatio": 0.0000,
            "turnoverPerShare": 0.00,
            "marketCapitalization": 12.1497,
            "marketCap": 12149653,
            "volatility": 1.4261,
            "sma20": -0.2032,
            "sma50": -0.2652,
            "sma200": -0.5343,
            "smaBetween50and200": -0.3662,
            "rsi14": 16.666666666666643,
            "rsiTrendThreeDays": -0.1667,
            "rsiTrendFiveDays": -0.2619,
            "collateralValue": 0.0000,
            "profitMargin": -37.8800,
            "debtToEquityRatio": 0.0923,
            "sales": 250000.00,
            "totalAssets": 31010000.00,
            "totalLiabilities": 2620000.00,
            "netProfit": -9470000.00
        },
        {
            "orderbookId": "639557",
            "type": "STOCK",
            "name": "CHOSA Oncology",
            "shortName": "CHOSA",
            "currency": "SEK",
            "countryCode": "SE",
            "marketPlaceCode": "XSAT",
            "directYield": 0.0000,
            "priceEarningsRatio": -5.25,
            "lastPrice": 0.710,
            "highestPrice": 0.815,
            "lowestPrice": 0.710,
            "buyPrice": 0.740,
            "sellPrice": 0.750,
            "totalValueTraded": 2245.88,
            "totalVolumeTraded": 2898,
            "lastPriceUpdated": 1748429700000,
            "oneDayChangePercent": 0.0000,
            "oneWeekChangePercent": 0.0143,
            "startOfYearChangePercent": -0.1527,
            "oneYearChangePercent": -0.3456,
            "oneMonthChangePercent": -0.1013,
            "threeMonthsChangePercent": -0.1839,
            "sixMonthsChangePercent": -0.1125,
            "threeYearsChangePercent": -0.9797,
            "fiveYearsChangePercent": -0.9415,
            "infinityChangePercent": -0.9487,
            "numberOfOwners": 2059,
            "hasPosition": false,
            "hasAnalysis": false,
            "nextCompanyReport": "2025-05-30",
            "evEbitRatio": -4.52,
            "netDebtEbitdaRatio": 0.71,
            "returnOnEquity": -0.6939,
            "priceBookRatio": 3.64,
            "earningsPerShare": -0.14,
            "dividendPerShare": 0.00,
            "equityPerShare": 0.19,
            "dividendRatio": 0.0000,
            "turnoverPerShare": 0.00,
            "marketCapitalization": 50.3703,
            "marketCap": 50370344,
            "beta": 0.62,
            "volatility": 1.6156,
            "sma20": -0.0317,
            "sma50": -0.0336,
            "sma200": -0.1399,
            "smaBetween50and200": -0.1100,
            "rsi14": 46.27659574468085,
            "rsiTrendThreeDays": -0.0813,
            "rsiTrendFiveDays": -0.0372,
            "collateralValue": 0.0000,
            "debtToEquityRatio": 0.2004,
            "sales": 0.00,
            "totalAssets": 16590000.00,
            "totalLiabilities": 2770000.00,
            "netProfit": -9590000.00
        },
        {
            "orderbookId": "1222626",
            "type": "STOCK",
            "name": "Hemply Balance",
            "shortName": "HMPLY",
            "currency": "SEK",
            "countryCode": "SE",
            "marketPlaceCode": "NSME",
            "directYield": 0.0000,
            "priceEarningsRatio": -32.80,
            "lastPrice": 0.0230,
            "highestPrice": 0.0280,
            "lowestPrice": 0.0230,
            "buyPrice": 0.0230,
            "sellPrice": 0.0260,
            "totalValueTraded": 2309.44,
            "totalVolumeTraded": 92755,
            "lastPriceUpdated": 1748429657000,
            "oneDayChangePercent": -0.1481,
            "oneWeekChangePercent": -0.1154,
            "startOfYearChangePercent": -0.4103,
            "oneYearChangePercent": -0.3030,
            "oneMonthChangePercent": -0.1481,
            "threeMonthsChangePercent": -0.3784,
            "sixMonthsChangePercent": -0.4889,
            "threeYearsChangePercent": -0.9974,
            "infinityChangePercent": -0.9992,
            "numberOfOwners": 780,
            "hasPosition": false,
            "hasAnalysis": false,
            "nextCompanyReport": "2025-07-16",
            "evEbitRatio": -27.40,
            "netDebtEbitdaRatio": 0.25,
            "pricePerSaleRatio": 3.08,
            "returnOnEquity": -0.1028,
            "priceBookRatio": 3.37,
            "earningsPerShare": 0.01,
            "dividendPerShare": 0.00,
            "equityPerShare": 0.01,
            "dividendRatio": 0.0000,
            "turnoverPerShare": 0.01,
            "marketCapitalization": 3.6078,
            "marketCap": 3607762,
            "volatility": 1.5196,
            "sma20": -0.0816,
            "sma50": -0.1302,
            "sma200": -0.2727,
            "smaBetween50and200": -0.1639,
            "rsi14": 35.294117647058826,
            "rsiTrendThreeDays": -0.0830,
            "rsiTrendFiveDays": -0.1855,
            "collateralValue": 0.0000,
            "profitMargin": -0.0940,
            "debtToEquityRatio": 0.1402,
            "sales": 1170000.00,
            "totalAssets": 1220000.00,
            "totalLiabilities": 150000.00,
            "netProfit": -110000.00
        },
        {
            "orderbookId": "1824555",
            "type": "STOCK",
            "name": "NanoEcho",
            "shortName": "NANECH",
            "currency": "SEK",
            "countryCode": "SE",
            "marketPlaceCode": "FNSE",
            "directYield": 0.0000,
            "priceEarningsRatio": -1.81,
            "lastPrice": 0.1024,
            "highestPrice": 0.1024,
            "lowestPrice": 0.0949,
            "buyPrice": 0.0970,
            "sellPrice": 0.1020,
            "totalValueTraded": 2672.8547,
            "totalVolumeTraded": 27531,
            "lastPriceUpdated": 1748429975000,
            "oneDayChangePercent": 0.0059,
            "oneWeekChangePercent": -0.0691,
            "startOfYearChangePercent": -0.7074,
            "oneMonthChangePercent": -0.1080,
            "threeMonthsChangePercent": -0.3118,
            "sixMonthsChangePercent": -0.2569,
            "infinityChangePercent": -0.4308,
            "numberOfOwners": 1320,
            "hasPosition": false,
            "hasAnalysis": false,
            "nextCompanyReport": "2025-08-21",
            "evEbitRatio": -1.11,
            "netDebtEbitdaRatio": 0.80,
            "returnOnEquity": -0.6614,
            "priceBookRatio": 1.20,
            "earningsPerShare": -0.15,
            "dividendPerShare": 0.00,
            "equityPerShare": 0.09,
            "dividendRatio": 0.0000,
            "turnoverPerShare": 0.00,
            "marketCapitalization": 29.9971,
            "marketCap": 29997054,
            "volatility": 0.9878,
            "sma20": -0.0438,
            "sma50": -0.0877,
            "sma200": -0.4859,
            "smaBetween50and200": -0.4365,
            "rsi14": 45.93220338983051,
            "rsiTrendThreeDays": -0.0026,
            "rsiTrendFiveDays": -0.0601,
            "collateralValue": 0.0000,
            "debtToEquityRatio": 0.1466,
            "sales": 0.00,
            "totalAssets": 28550000.00,
            "totalLiabilities": 3650000.00,
            "netProfit": -16470000.00
        },
        {
            "orderbookId": "1391080",
            "type": "STOCK",
            "name": "Promimic",
            "shortName": "PRO",
            "currency": "SEK",
            "countryCode": "SE",
            "marketPlaceCode": "FNSE",
            "directYield": 0.0000,
            "priceEarningsRatio": -25.06,
            "lastPrice": 17.95,
            "highestPrice": 18.00,
            "lowestPrice": 17.50,
            "buyPrice": 17.50,
            "sellPrice": 18.45,
            "totalValueTraded": 4010.75,
            "totalVolumeTraded": 229,
            "lastPriceUpdated": 1748429972000,
            "oneDayChangePercent": 0.0376,
            "oneWeekChangePercent": -0.0028,
            "startOfYearChangePercent": -0.2022,
            "oneYearChangePercent": -0.4767,
            "oneMonthChangePercent": -0.3175,
            "threeMonthsChangePercent": -0.2988,
            "sixMonthsChangePercent": -0.3302,
            "threeYearsChangePercent": 0.2960,
            "infinityChangePercent": 0.1024,
            "numberOfOwners": 474,
            "hasPosition": false,
            "hasAnalysis": false,
            "nextCompanyReport": "2025-08-22",
            "evEbitRatio": -36.97,
            "netDebtEbitdaRatio": 8.27,
            "pricePerSaleRatio": 7.69,
            "returnOnEquity": -0.2078,
            "priceBookRatio": 5.21,
            "earningsPerShare": -0.72,
            "dividendPerShare": 0.00,
            "equityPerShare": 3.45,
            "dividendRatio": 0.0000,
            "turnoverPerShare": 2.33,
            "marketCapitalization": 339.1173,
            "marketCap": 339117252,
            "volatility": 1.0041,
            "sma20": -0.1988,
            "sma50": -0.2770,
            "sma200": -0.3953,
            "smaBetween50and200": -0.1636,
            "rsi14": 27.450980392156865,
            "rsiTrendThreeDays": 0.0584,
            "rsiTrendFiveDays": 0.0193,
            "collateralValue": 0.0000,
            "profitMargin": -0.3068,
            "debtToEquityRatio": 0.2138,
            "sales": 44100000.00,
            "totalAssets": 79040000.00,
            "totalLiabilities": 13920000.00,
            "netProfit": -13530000.00
        },
        {
            "orderbookId": "1218107",
            "type": "STOCK",
            "name": "Lipum",
            "shortName": "LIPUM",
            "currency": "SEK",
            "countryCode": "SE",
            "marketPlaceCode": "FNSE",
            "directYield": 0.0000,
            "priceEarningsRatio": -5.20,
            "lastPrice": 16.00,
            "highestPrice": 16.00,
            "lowestPrice": 16.00,
            "buyPrice": 15.80,
            "sellPrice": 16.00,
            "totalValueTraded": 4144,
            "totalVolumeTraded": 259,
            "lastPriceUpdated": 1748429700000,
            "oneDayChangePercent": 0.0000,
            "oneWeekChangePercent": 0.0390,
            "startOfYearChangePercent": 0.3333,
            "oneYearChangePercent": 1.5397,
            "oneMonthChangePercent": 0.0526,
            "threeMonthsChangePercent": -0.0588,
            "sixMonthsChangePercent": -0.0361,
            "threeYearsChangePercent": 0.0323,
            "infinityChangePercent": -0.2956,
            "numberOfOwners": 678,
            "hasPosition": false,
            "hasAnalysis": false,
            "nextCompanyReport": "2025-08-14",
            "evEbitRatio": -5.53,
            "netDebtEbitdaRatio": -0.27,
            "returnOnEquity": -21.8127,
            "priceBookRatio": 113.51,
            "earningsPerShare": -1.59,
            "dividendPerShare": 0.00,
            "equityPerShare": 0.14,
            "dividendRatio": 0.0000,
            "turnoverPerShare": 0.00,
            "marketCapitalization": 339.3990,
            "marketCap": 339399008,
            "beta": 0.10,
            "volatility": 0.6301,
            "sma20": 0.0405,
            "sma50": 0.0413,
            "sma200": 0.1016,
            "smaBetween50and200": 0.0579,
            "rsi14": 62.7906976744186,
            "rsiTrendThreeDays": 0.1107,
            "rsiTrendFiveDays": 0.1496,
            "collateralValue": 0.0000,
            "debtToEquityRatio": 9.8294,
            "sales": 0.00,
            "totalAssets": 32380000.00,
            "totalLiabilities": 29390000.00,
            "netProfit": -65220000.00
        },
        {
            "orderbookId": "238309",
            "type": "STOCK",
            "name": "PharmaLundensis",
            "shortName": "PHAL",
            "currency": "SEK",
            "countryCode": "SE",
            "marketPlaceCode": "XSAT",
            "directYield": 0.0000,
            "priceEarningsRatio": -6.91,
            "lastPrice": 0.526,
            "highestPrice": 0.566,
            "lowestPrice": 0.500,
            "buyPrice": 0.526,
            "sellPrice": 0.556,
            "totalValueTraded": 4379.892,
            "totalVolumeTraded": 8350,
            "lastPriceUpdated": 1748429988000,
            "oneDayChangePercent": 0.0520,
            "oneWeekChangePercent": 0.0520,
            "startOfYearChangePercent": -0.1516,
            "oneYearChangePercent": -0.3325,
            "oneMonthChangePercent": -0.1233,
            "threeMonthsChangePercent": -0.4509,
            "sixMonthsChangePercent": 0.2092,
            "threeYearsChangePercent": -0.3375,
            "fiveYearsChangePercent": -0.5858,
            "tenYearsChangePercent": -0.9259,
            "infinityChangePercent": -0.8651,
            "numberOfOwners": 897,
            "hasPosition": false,
            "hasAnalysis": false,
            "nextCompanyReport": "2025-08-21",
            "evEbitRatio": -8.61,
            "netDebtEbitdaRatio": -0.96,
            "returnOnEquity": -0.7846,
            "priceBookRatio": 5.42,
            "earningsPerShare": -0.08,
            "dividendPerShare": 0.00,
            "equityPerShare": 0.10,
            "dividendRatio": 0.0000,
            "turnoverPerShare": 0.00,
            "marketCapitalization": 28.1831,
            "marketCap": 28183052,
            "beta": 0.16,
            "volatility": 1.4575,
            "sma20": -0.0640,
            "sma50": -0.2583,
            "sma200": -0.2322,
            "smaBetween50and200": 0.0353,
            "rsi14": 48.26589595375722,
            "rsiTrendThreeDays": 0.0367,
            "rsiTrendFiveDays": 0.0238,
            "collateralValue": 0.0000,
            "debtToEquityRatio": 1.2442,
            "sales": 0.00,
            "totalAssets": 11670000.00,
            "totalLiabilities": 6470000.00,
            "netProfit": -4080000.00
        },
        {
            "orderbookId": "565875",
            "type": "STOCK",
            "name": "Combigene",
            "shortName": "COMBI",
            "currency": "SEK",
            "countryCode": "SE",
            "marketPlaceCode": "FNSE",
            "directYield": 0.0000,
            "priceEarningsRatio": -1.10,
            "lastPrice": 2.50,
            "highestPrice": 2.50,
            "lowestPrice": 2.48,
            "buyPrice": 2.43,
            "sellPrice": 2.50,
            "totalValueTraded": 6220,
            "totalVolumeTraded": 2500,
            "lastPriceUpdated": 1748429972000,
            "oneDayChangePercent": 0.0121,
            "oneWeekChangePercent": -0.0347,
            "startOfYearChangePercent": 0.0504,
            "oneYearChangePercent": -0.2669,
            "oneMonthChangePercent": -0.0119,
            "threeMonthsChangePercent": -0.0157,
            "sixMonthsChangePercent": -0.0672,
            "threeYearsChangePercent": -0.6859,
            "fiveYearsChangePercent": -0.8457,
            "tenYearsChangePercent": -0.9864,
            "infinityChangePercent": -0.9860,
            "numberOfOwners": 2937,
            "hasPosition": false,
            "hasAnalysis": false,
            "nextCompanyReport": "2025-08-22",
            "shortSellingRatio": 0.0000,
            "evEbitRatio": 0.51,
            "netDebtEbitdaRatio": -2.16,
            "pricePerSaleRatio": 150.01,
            "returnOnEquity": -0.6270,
            "priceBookRatio": 0.69,
            "earningsPerShare": -2.27,
            "dividendPerShare": 0.00,
            "equityPerShare": 3.61,
            "dividendRatio": 0.0000,
            "turnoverPerShare": 0.02,
            "marketCapitalization": 49.5030,
            "marketCap": 49502992,
            "beta": 0.47,
            "volatility": 0.4440,
            "sma20": -0.0142,
            "sma50": 0.0120,
            "sma200": -0.0106,
            "smaBetween50and200": -0.0224,
            "rsi14": 46.15384615384618,
            "rsiTrendThreeDays": -0.0885,
            "rsiTrendFiveDays": -0.1082,
            "collateralValue": 0.0000,
            "profitMargin": -136.0000,
            "debtToEquityRatio": 0.0601,
            "sales": 330000.00,
            "totalAssets": 75880000.00,
            "totalLiabilities": 4300000.00,
            "netProfit": -44880000.00
        },
        {
            "orderbookId": "1194903",
            "type": "STOCK",
            "name": "Abera Bioscience",
            "shortName": "ABERA",
            "currency": "SEK",
            "countryCode": "SE",
            "marketPlaceCode": "XSAT",
            "directYield": 0.0000,
            "priceEarningsRatio": -151.45,
            "lastPrice": 7.30,
            "highestPrice": 7.75,
            "lowestPrice": 7.30,
            "buyPrice": 7.30,
            "sellPrice": 7.55,
            "totalValueTraded": 8606.70,
            "totalVolumeTraded": 1154,
            "lastPriceUpdated": 1748429979000,
            "oneDayChangePercent": 0.0000,
            "oneWeekChangePercent": 0.0139,
            "startOfYearChangePercent": 0.6186,
            "oneYearChangePercent": 0.7056,
            "oneMonthChangePercent": -0.0875,
            "threeMonthsChangePercent": 0.2373,
            "sixMonthsChangePercent": 0.8025,
            "threeYearsChangePercent": -0.1521,
            "infinityChangePercent": -0.3394,
            "numberOfOwners": 825,
            "hasPosition": false,
            "hasAnalysis": false,
            "nextCompanyReport": "2025-08-21",
            "evEbitRatio": -140.23,
            "netDebtEbitdaRatio": 7.41,
            "returnOnEquity": -0.0854,
            "priceBookRatio": 12.93,
            "earningsPerShare": -0.05,
            "dividendPerShare": 0.00,
            "equityPerShare": 0.56,
            "dividendRatio": 0.0000,
            "turnoverPerShare": 0.00,
            "marketCapitalization": 112.0722,
            "marketCap": 112072155,
            "beta": 0.55,
            "volatility": 1.4740,
            "sma20": -0.0665,
            "sma50": 0.0736,
            "sma200": 0.4694,
            "smaBetween50and200": 0.3687,
            "rsi14": 51.61290322580645,
            "rsiTrendThreeDays": -0.0067,
            "rsiTrendFiveDays": 0.1264,
            "collateralValue": 0.0000,
            "debtToEquityRatio": 0.3426,
            "sales": 0.00,
            "totalAssets": 11640000.00,
            "totalLiabilities": 2970000.00,
            "netProfit": -740000.00
        },
        {
            "orderbookId": "1211365",
            "type": "STOCK",
            "name": "Polymer Factory",
            "shortName": "POLYMER",
            "currency": "SEK",
            "countryCode": "SE",
            "marketPlaceCode": "NSME",
            "directYield": 0.0000,
            "priceEarningsRatio": -1.77,
            "lastPrice": 0.620,
            "highestPrice": 0.620,
            "lowestPrice": 0.600,
            "buyPrice": 0.600,
            "sellPrice": 0.650,
            "totalValueTraded": 10068.26,
            "totalVolumeTraded": 16626,
            "lastPriceUpdated": 1748428808000,
            "oneDayChangePercent": -0.0462,
            "oneWeekChangePercent": 0.1071,
            "startOfYearChangePercent": -0.3111,
            "oneYearChangePercent": -0.1678,
            "oneMonthChangePercent": 0.0248,
            "threeMonthsChangePercent": -0.1842,
            "sixMonthsChangePercent": 0.0000,
            "threeYearsChangePercent": -0.8116,
            "infinityChangePercent": -0.9210,
            "numberOfOwners": 435,
            "hasPosition": false,
            "hasAnalysis": false,
            "nextCompanyReport": "2025-08-15",
            "evEbitRatio": -1.22,
            "netDebtEbitdaRatio": 0.61,
            "pricePerSaleRatio": 4.04,
            "returnOnEquity": -0.9169,
            "priceBookRatio": 1.62,
            "earningsPerShare": -0.35,
            "dividendPerShare": 0.00,
            "equityPerShare": 0.30,
            "dividendRatio": 0.0000,
            "turnoverPerShare": 0.12,
            "marketCapitalization": 8.3311,
            "marketCap": 8331060,
            "volatility": 0.5297,
            "sma20": -0.0251,
            "sma50": -0.0479,
            "sma200": -0.1699,
            "smaBetween50and200": -0.1282,
            "rsi14": 51.086956521739125,
            "rsiTrendThreeDays": 0.1255,
            "rsiTrendFiveDays": 0.1109,
            "collateralValue": 0.0000,
            "profitMargin": -2.2866,
            "debtToEquityRatio": 0.5697,
            "sales": 1640000.00,
            "totalAssets": 6420000.00,
            "totalLiabilities": 2330000.00,
            "netProfit": -3750000.00
        },
        {
            "orderbookId": "264113",
            "type": "STOCK",
            "name": "Opsy Holding",
            "shortName": "OPSYH",
            "currency": "SEK",
            "countryCode": "SE",
            "marketPlaceCode": "XSAT",
            "directYield": 0.0000,
            "priceEarningsRatio": -1.80,
            "lastPrice": 0.626,
            "highestPrice": 0.626,
            "lowestPrice": 0.570,
            "buyPrice": 0.570,
            "sellPrice": 0.620,
            "totalValueTraded": 12030.394,
            "totalVolumeTraded": 21066,
            "lastPriceUpdated": 1748429700000,
            "oneDayChangePercent": 0.0433,
            "oneWeekChangePercent": 0.0793,
            "startOfYearChangePercent": -0.1330,
            "oneYearChangePercent": -0.9368,
            "oneMonthChangePercent": 0.0539,
            "threeMonthsChangePercent": 0.0433,
            "sixMonthsChangePercent": -0.1183,
            "threeYearsChangePercent": -0.9856,
            "fiveYearsChangePercent": -0.9975,
            "tenYearsChangePercent": -0.9999,
            "infinityChangePercent": -0.9991,
            "numberOfOwners": 3149,
            "hasPosition": false,
            "hasAnalysis": false,
            "nextCompanyReport": "2025-05-28",
            "pricePerSaleRatio": 75.36,
            "returnOnEquity": -5.0441,
            "priceBookRatio": 9.10,
            "earningsPerShare": -5.66,
            "dividendPerShare": 0.00,
            "equityPerShare": 0.07,
            "dividendRatio": 0.0000,
            "turnoverPerShare": 0.01,
            "marketCapitalization": 76.4861,
            "marketCap": 76486076,
            "beta": 0.43,
            "volatility": 1.4585,
            "sma20": 0.0244,
            "sma50": -0.0016,
            "sma200": -0.7745,
            "smaBetween50and200": -0.7742,
            "rsi14": 56.09756097560975,
            "rsiTrendThreeDays": 0.0437,
            "rsiTrendFiveDays": 0.0069,
            "collateralValue": 0.0000,
            "profitMargin": -41.7695,
            "debtToEquityRatio": 0.7220,
            "sales": 1015000.00,
            "totalAssets": 14473000.00,
            "totalLiabilities": 6068000.00,
            "netProfit": -42396000.00
        },
        {
            "orderbookId": "1251750",
            "type": "STOCK",
            "name": "Pila Pharma",
            "shortName": "PILA",
            "currency": "SEK",
            "countryCode": "SE",
            "marketPlaceCode": "FNSE",
            "directYield": 0.0000,
            "priceEarningsRatio": -7.78,
            "lastPrice": 3.225,
            "highestPrice": 3.245,
            "lowestPrice": 3.150,
            "buyPrice": 3.150,
            "sellPrice": 3.225,
            "totalValueTraded": 13942.465,
            "totalVolumeTraded": 4329,
            "lastPriceUpdated": 1748429986000,
            "oneDayChangePercent": 0.0238,
            "oneWeekChangePercent": 0.0370,
            "startOfYearChangePercent": -0.1400,
            "oneYearChangePercent": 0.1159,
            "oneMonthChangePercent": 0.0110,
            "threeMonthsChangePercent": -0.1189,
            "sixMonthsChangePercent": -0.2285,
            "threeYearsChangePercent": -0.3664,
            "infinityChangePercent": -0.6404,
            "numberOfOwners": 980,
            "hasPosition": false,
            "hasAnalysis": false,
            "nextCompanyReport": "2025-08-27",
            "shortSellingRatio": 0.0011,
            "evEbitRatio": -10.18,
            "netDebtEbitdaRatio": 0.70,
            "pricePerSaleRatio": 112.16,
            "returnOnEquity": -2.1369,
            "priceBookRatio": 16.63,
            "earningsPerShare": -0.44,
            "dividendPerShare": 0.00,
            "equityPerShare": 0.19,
            "dividendRatio": 0.0000,
            "turnoverPerShare": 0.03,
            "marketCapitalization": 87.4834,
            "marketCap": 87483359,
            "volatility": 0.7143,
            "sma20": 0.0598,
            "sma50": 0.0043,
            "sma200": -0.2460,
            "smaBetween50and200": -0.2492,
            "rsi14": 59.04436860068259,
            "rsiTrendThreeDays": 0.0588,
            "rsiTrendFiveDays": 0.0510,
            "collateralValue": 0.0000,
            "profitMargin": -14.4103,
            "debtToEquityRatio": 0.1825,
            "sales": 780000.00,
            "totalAssets": 6220000.00,
            "totalLiabilities": 960000.00,
            "netProfit": -11240000.00
        },
        {
            "orderbookId": "1109971",
            "type": "STOCK",
            "name": "Magle Chemoswed",
            "shortName": "MAGLE",
            "currency": "SEK",
            "countryCode": "SE",
            "marketPlaceCode": "FNSE",
            "directYield": 0.0000,
            "priceEarningsRatio": 75.77,
            "lastPrice": 28.8,
            "highestPrice": 28.8,
            "lowestPrice": 28.0,
            "buyPrice": 28.0,
            "sellPrice": 28.8,
            "totalValueTraded": 14266.4,
            "totalVolumeTraded": 506,
            "lastPriceUpdated": 1748429700000,
            "oneDayChangePercent": -0.0069,
            "oneWeekChangePercent": 0.1250,
            "startOfYearChangePercent": -0.1724,
            "oneYearChangePercent": -0.1325,
            "oneMonthChangePercent": 0.0141,
            "threeMonthsChangePercent": -0.0710,
            "sixMonthsChangePercent": -0.1166,
            "threeYearsChangePercent": 0.2632,
            "infinityChangePercent": 0.4042,
            "numberOfOwners": 867,
            "hasPosition": false,
            "hasAnalysis": false,
            "nextCompanyReport": "2025-08-01",
            "pricePerSaleRatio": 2.12,
            "returnOnEquity": 0.0142,
            "priceBookRatio": 1.07,
            "earningsPerShare": 43.56,
            "dividendPerShare": 0.00,
            "equityPerShare": 26.81,
            "dividendRatio": 0.0000,
            "turnoverPerShare": 13.61,
            "marketCapitalization": 590.8621,
            "marketCap": 590862067,
            "beta": 0.36,
            "volatility": 0.5281,
            "sma20": 0.0829,
            "sma50": 0.0213,
            "sma200": -0.1459,
            "smaBetween50and200": -0.1637,
            "rsi14": 59.25925925925925,
            "rsiTrendThreeDays": 0.1458,
            "rsiTrendFiveDays": 0.1926,
            "collateralValue": 0.0000,
            "profitMargin": 0.0279,
            "debtToEquityRatio": 0.8575,
            "sales": 279184000.00,
            "totalAssets": 1021714000.00,
            "totalLiabilities": 471653000.00,
            "netProfit": 7798000.00
        },
        {
            "orderbookId": "20487",
            "type": "STOCK",
            "name": "QUIA PHARMA",
            "shortName": "QUIA",
            "currency": "SEK",
            "countryCode": "SE",
            "marketPlaceCode": "FNSE",
            "directYield": 0.0000,
            "priceEarningsRatio": -0.37,
            "lastPrice": 0.0063,
            "highestPrice": 0.0066,
            "lowestPrice": 0.0060,
            "buyPrice": 0.0062,
            "sellPrice": 0.0064,
            "totalValueTraded": 14598.9833,
            "totalVolumeTraded": 2341433,
            "lastPriceUpdated": 1748429988000,
            "oneDayChangePercent": -0.0156,
            "oneWeekChangePercent": -0.2317,
            "startOfYearChangePercent": -0.4000,
            "oneYearChangePercent": -0.9137,
            "oneMonthChangePercent": -0.4057,
            "threeMonthsChangePercent": 0.4000,
            "sixMonthsChangePercent": -0.7261,
            "threeYearsChangePercent": -0.9995,
            "fiveYearsChangePercent": -1.0000,
            "tenYearsChangePercent": -1.0000,
            "infinityChangePercent": -1.0000,
            "numberOfOwners": 2953,
            "hasPosition": false,
            "hasAnalysis": false,
            "nextCompanyReport": "2025-08-28",
            "evEbitRatio": -0.37,
            "netDebtEbitdaRatio": 0.00,
            "returnOnEquity": -1.7694,
            "priceBookRatio": 0.65,
            "earningsPerShare": -0.03,
            "dividendPerShare": 0.00,
            "equityPerShare": 0.01,
            "dividendRatio": 0.0000,
            "turnoverPerShare": 0.00,
            "marketCapitalization": 13.3830,
            "marketCap": 13382995,
            "beta": 0.17,
            "volatility": 2.2086,
            "sma20": -0.2580,
            "sma50": -0.2361,
            "sma200": -0.6251,
            "smaBetween50and200": -0.5092,
            "rsi14": 22.413793103448313,
            "rsiTrendThreeDays": -0.1382,
            "rsiTrendFiveDays": -0.1817,
            "collateralValue": 0.0000,
            "debtToEquityRatio": 0.3914,
            "sales": 0.00,
            "totalAssets": 22750000.00,
            "totalLiabilities": 6400000.00,
            "netProfit": -28930000.00
        },
        {
            "orderbookId": "1186210",
            "type": "STOCK",
            "name": "Scandion Oncology",
            "shortName": "SCOL",
            "currency": "SEK",
            "countryCode": "SE",
            "marketPlaceCode": "FNSE",
            "directYield": 0.0000,
            "priceEarningsRatio": -0.07,
            "lastPrice": 0.0168,
            "highestPrice": 0.0169,
            "lowestPrice": 0.0154,
            "buyPrice": 0.0156,
            "sellPrice": 0.0168,
            "totalValueTraded": 14878.3976,
            "totalVolumeTraded": 913184,
            "lastPriceUpdated": 1748429700000,
            "oneDayChangePercent": -0.0455,
            "oneWeekChangePercent": -0.0175,
            "startOfYearChangePercent": -0.7745,
            "oneYearChangePercent": -0.9760,
            "oneMonthChangePercent": 0.5849,
            "threeMonthsChangePercent": -0.1158,
            "sixMonthsChangePercent": -0.7600,
            "threeYearsChangePercent": -0.9988,
            "fiveYearsChangePercent": -0.9992,
            "infinityChangePercent": -0.9978,
            "numberOfOwners": 4348,
            "hasPosition": false,
            "hasAnalysis": false,
            "nextCompanyReport": "2025-05-28",
            "evEbitRatio": 0.24,
            "netDebtEbitdaRatio": 0.31,
            "returnOnEquity": -4.4329,
            "priceBookRatio": 0.31,
            "earningsPerShare": -0.25,
            "dividendPerShare": 0.00,
            "equityPerShare": 0.05,
            "dividendRatio": 0.0000,
            "turnoverPerShare": 0.00,
            "marketCapitalization": 3.9440,
            "marketCap": 3944003,
            "beta": 0.18,
            "volatility": 1.6923,
            "sma20": -0.0129,
            "sma50": 0.2684,
            "sma200": -0.7664,
            "smaBetween50and200": -0.8158,
            "rsi14": 49.13793103448276,
            "rsiTrendThreeDays": -0.0943,
            "rsiTrendFiveDays": -0.0485,
            "collateralValue": 0.0000,
            "debtToEquityRatio": 1.2104,
            "sales": 0.00,
            "totalAssets": 28107328.00,
            "totalLiabilities": 15391376.00,
            "netProfit": -56368416.00
        },
        {
            "orderbookId": "1999039",
            "type": "STOCK",
            "name": "Chordate Medical Holding Pref",
            "shortName": "CMH PREF",
            "currency": "SEK",
            "countryCode": "SE",
            "marketPlaceCode": "FNSE",
            "directYield": 0.0000,
            "priceEarningsRatio": -0.12,
            "lastPrice": 3.82,
            "highestPrice": 3.82,
            "lowestPrice": 3.80,
            "buyPrice": 3.82,
            "sellPrice": 4.88,
            "totalValueTraded": 15078.5,
            "totalVolumeTraded": 3968,
            "lastPriceUpdated": 1748429700000,
            "oneDayChangePercent": -0.2042,
            "oneWeekChangePercent": -0.0205,
            "oneMonthChangePercent": 0.3404,
            "infinityChangePercent": 0.2127,
            "numberOfOwners": 367,
            "hasPosition": false,
            "hasAnalysis": false,
            "nextCompanyReport": "2025-08-29",
            "shortSellingRatio": 0.0000,
            "pricePerSaleRatio": 16.45,
            "returnOnEquity": -1.3489,
            "priceBookRatio": 0.82,
            "earningsPerShare": -32.15,
            "dividendPerShare": 0.00,
            "equityPerShare": 7.41,
            "dividendRatio": 0.0000,
            "turnoverPerShare": 0.37,
            "marketCapitalization": 26.8652,
            "marketCap": 26865244,
            "volatility": 2.3314,
            "sma20": 0.2968,
            "rsi14": 63.888888888888886,
            "rsiTrendThreeDays": -0.0035,
            "rsiTrendFiveDays": 0.0663,
            "collateralValue": 0.0000,
            "profitMargin": -27.0921,
            "debtToEquityRatio": 0.3161,
            "sales": 996105.00,
            "totalAssets": 26330996.00,
            "totalLiabilities": 6324312.00,
            "netProfit": -26986609.00
        },
        {
            "orderbookId": "92747",
            "type": "STOCK",
            "name": "Ellen",
            "shortName": "ELN",
            "currency": "SEK",
            "countryCode": "SE",
            "marketPlaceCode": "FNSE",
            "directYield": 0.0000,
            "priceEarningsRatio": -6.43,
            "lastPrice": 0.720,
            "highestPrice": 0.730,
            "lowestPrice": 0.720,
            "buyPrice": 0.695,
            "sellPrice": 0.720,
            "totalValueTraded": 15619.79,
            "totalVolumeTraded": 21541,
            "lastPriceUpdated": 1748429973000,
            "oneDayChangePercent": 0.0000,
            "oneWeekChangePercent": 0.0213,
            "startOfYearChangePercent": -0.2800,
            "oneYearChangePercent": -0.5385,
            "oneMonthChangePercent": -0.0137,
            "threeMonthsChangePercent": -0.3077,
            "sixMonthsChangePercent": -0.3208,
            "threeYearsChangePercent": -0.8306,
            "fiveYearsChangePercent": -0.9594,
            "tenYearsChangePercent": -0.9915,
            "infinityChangePercent": -0.9966,
            "numberOfOwners": 1364,
            "hasPosition": false,
            "hasAnalysis": false,
            "nextCompanyReport": "2025-08-29",
            "evEbitRatio": -4.40,
            "netDebtEbitdaRatio": 1.94,
            "pricePerSaleRatio": 0.35,
            "returnOnEquity": -0.2731,
            "priceBookRatio": 1.76,
            "earningsPerShare": -0.11,
            "dividendPerShare": 0.00,
            "equityPerShare": 0.41,
            "dividendRatio": 0.0000,
            "turnoverPerShare": 2.04,
            "marketCapitalization": 7.9765,
            "marketCap": 7976543,
            "beta": 0.26,
            "volatility": 0.5313,
            "sma20": -0.0300,
            "sma50": -0.1084,
            "sma200": -0.2729,
            "smaBetween50and200": -0.1845,
            "rsi14": 42.46575342465752,
            "rsiTrendThreeDays": 0.0080,
            "rsiTrendFiveDays": -0.0108,
            "collateralValue": 0.0000,
            "profitMargin": -0.0549,
            "debtToEquityRatio": 1.0595,
            "sales": 22600000.00,
            "totalAssets": 9350000.00,
            "totalLiabilities": 4810000.00,
            "netProfit": -1240000.00
        },
        {
            "orderbookId": "393036",
            "type": "STOCK",
            "name": "Spago Nanomedical",
            "shortName": "SPAGO",
            "currency": "SEK",
            "countryCode": "SE",
            "marketPlaceCode": "FNSE",
            "directYield": 0.0000,
            "priceEarningsRatio": -2.21,
            "lastPrice": 0.204,
            "highestPrice": 0.240,
            "lowestPrice": 0.1980,
            "buyPrice": 0.217,
            "sellPrice": 0.223,
            "totalValueTraded": 17619.503,
            "totalVolumeTraded": 86162,
            "lastPriceUpdated": 1748429973000,
            "oneDayChangePercent": -0.1500,
            "oneWeekChangePercent": 0.1178,
            "startOfYearChangePercent": 0.0408,
            "oneYearChangePercent": -0.1741,
            "oneMonthChangePercent": -0.0556,
            "threeMonthsChangePercent": 0.0200,
            "sixMonthsChangePercent": 0.0968,
            "threeYearsChangePercent": -0.9239,
            "fiveYearsChangePercent": -0.9713,
            "tenYearsChangePercent": -0.9913,
            "infinityChangePercent": -0.9854,
            "numberOfOwners": 1317,
            "hasPosition": false,
            "hasAnalysis": false,
            "nextCompanyReport": "2025-08-20",
            "evEbitRatio": -1.34,
            "netDebtEbitdaRatio": 0.81,
            "pricePerSaleRatio": 37.39,
            "returnOnEquity": -1.2584,
            "priceBookRatio": 2.78,
            "earningsPerShare": -0.10,
            "dividendPerShare": 0.00,
            "equityPerShare": 0.07,
            "dividendRatio": 0.0000,
            "turnoverPerShare": 0.01,
            "marketCapitalization": 71.0320,
            "marketCap": 71032026,
            "beta": 0.37,
            "volatility": 0.8831,
            "sma20": 0.2111,
            "sma50": 0.1665,
            "sma200": 0.0620,
            "smaBetween50and200": -0.0896,
            "rsi14": 73.54497354497353,
            "rsiTrendThreeDays": 0.0519,
            "rsiTrendFiveDays": 0.3173,
            "collateralValue": 0.0000,
            "profitMargin": -16.9421,
            "debtToEquityRatio": 0.1841,
            "sales": 1900000.00,
            "totalAssets": 30290000.00,
            "totalLiabilities": 4710000.00,
            "netProfit": -32190000.00
        },
        {
            "orderbookId": "290669",
            "type": "STOCK",
            "name": "IDL Diagnostics",
            "shortName": "IDLDX",
            "currency": "SEK",
            "countryCode": "SE",
            "marketPlaceCode": "FNSE",
            "directYield": 0.0000,
            "priceEarningsRatio": -2.97,
            "lastPrice": 0.570,
            "highestPrice": 0.592,
            "lowestPrice": 0.550,
            "buyPrice": 0.550,
            "sellPrice": 0.568,
            "totalValueTraded": 17947.41,
            "totalVolumeTraded": 31070,
            "lastPriceUpdated": 1748429983000,
            "oneDayChangePercent": -0.0339,
            "oneWeekChangePercent": 0.0179,
            "startOfYearChangePercent": 0.4615,
            "oneYearChangePercent": 0.4430,
            "oneMonthChangePercent": -0.0172,
            "threeMonthsChangePercent": -0.0256,
            "sixMonthsChangePercent": 0.3380,
            "threeYearsChangePercent": 0.1728,
            "fiveYearsChangePercent": -0.6566,
            "tenYearsChangePercent": -0.9191,
            "infinityChangePercent": -0.8273,
            "numberOfOwners": 2923,
            "hasPosition": false,
            "hasAnalysis": false,
            "nextCompanyReport": "2025-08-21",
            "evEbitRatio": -1.88,
            "netDebtEbitdaRatio": 1.03,
            "pricePerSaleRatio": 2.19,
            "returnOnEquity": -0.4066,
            "priceBookRatio": 1.21,
            "earningsPerShare": -0.18,
            "dividendPerShare": 0.00,
            "equityPerShare": 0.47,
            "dividendRatio": 0.0000,
            "turnoverPerShare": 0.26,
            "marketCapitalization": 131.3058,
            "marketCap": 131305808,
            "beta": 0.47,
            "volatility": 0.6008,
            "sma20": 0.0263,
            "sma50": 0.0600,
            "sma200": 0.1313,
            "smaBetween50and200": 0.0673,
            "rsi14": 58.33333333333332,
            "rsiTrendThreeDays": 0.1931,
            "rsiTrendFiveDays": 0.0613,
            "collateralValue": 0.0000,
            "profitMargin": -0.7384,
            "debtToEquityRatio": 0.1287,
            "sales": 59950000.00,
            "totalAssets": 122880000.00,
            "totalLiabilities": 14010000.00,
            "netProfit": -44270000.00
        },
        {
            "orderbookId": "13533",
            "type": "STOCK",
            "name": "Glycorex Transplantation B",
            "shortName": "GTAB B",
            "currency": "SEK",
            "countryCode": "SE",
            "marketPlaceCode": "XNGM",
            "directYield": 0.0000,
            "priceEarningsRatio": -18.86,
            "lastPrice": 2.17,
            "highestPrice": 2.17,
            "lowestPrice": 2.09,
            "buyPrice": 2.14,
            "sellPrice": 2.16,
            "totalValueTraded": 20318.99,
            "totalVolumeTraded": 9541,
            "lastPriceUpdated": 1748429711000,
            "oneDayChangePercent": -0.0091,
            "oneWeekChangePercent": 0.0333,
            "startOfYearChangePercent": 0.0637,
            "oneYearChangePercent": 1.4327,
            "oneMonthChangePercent": 0.0850,
            "threeMonthsChangePercent": -0.1718,
            "sixMonthsChangePercent": 0.1635,
            "threeYearsChangePercent": -0.6712,
            "fiveYearsChangePercent": -0.8781,
            "tenYearsChangePercent": -0.1523,
            "infinityChangePercent": -0.2791,
            "numberOfOwners": 2096,
            "hasPosition": false,
            "hasAnalysis": false,
            "nextCompanyReport": "2025-08-29",
            "shortSellingRatio": 0.0000,
            "pricePerSaleRatio": 4.65,
            "returnOnEquity": -0.2236,
            "priceBookRatio": 4.22,
            "earningsPerShare": -0.12,
            "dividendPerShare": 0.00,
            "equityPerShare": 0.51,
            "dividendRatio": 0.0000,
            "turnoverPerShare": 0.47,
            "marketCapitalization": 171.1131,
            "marketCap": 171113143,
            "beta": 0.28,
            "volatility": 0.5091,
            "sma20": 0.0320,
            "sma50": 0.0558,
            "sma200": 0.0884,
            "smaBetween50and200": 0.0309,
            "rsi14": 49.12280701754384,
            "rsiTrendThreeDays": -0.1395,
            "rsiTrendFiveDays": -0.0559,
            "collateralValue": 0.0000,
            "profitMargin": -0.2469,
            "debtToEquityRatio": 0.3874,
            "sales": 36761000.00,
            "totalAssets": 56300000.00,
            "totalLiabilities": 15720000.00,
            "netProfit": -9075000.00
        },
        {
            "orderbookId": "489579",
            "type": "STOCK",
            "name": "Peptonic Medical",
            "shortName": "PMED",
            "currency": "SEK",
            "countryCode": "SE",
            "marketPlaceCode": "XSAT",
            "directYield": 0.0000,
            "priceEarningsRatio": -0.29,
            "lastPrice": 0.0030,
            "highestPrice": 0.0030,
            "lowestPrice": 0.0026,
            "buyPrice": 0.0028,
            "sellPrice": 0.0030,
            "totalValueTraded": 22025.9278,
            "totalVolumeTraded": 7975216,
            "lastPriceUpdated": 1748429981000,
            "oneDayChangePercent": 0.0000,
            "oneWeekChangePercent": 0.0000,
            "startOfYearChangePercent": -0.2105,
            "oneYearChangePercent": -0.7368,
            "oneMonthChangePercent": -0.2500,
            "threeMonthsChangePercent": -0.2500,
            "sixMonthsChangePercent": -0.2857,
            "threeYearsChangePercent": -0.9931,
            "fiveYearsChangePercent": -0.9984,
            "tenYearsChangePercent": -0.9998,
            "infinityChangePercent": -0.9997,
            "numberOfOwners": 4589,
            "hasPosition": false,
            "hasAnalysis": false,
            "nextCompanyReport": "2025-05-28",
            "shortSellingRatio": 0.0000,
            "evEbitRatio": -0.45,
            "netDebtEbitdaRatio": -0.17,
            "pricePerSaleRatio": 0.64,
            "returnOnEquity": -1.2365,
            "priceBookRatio": 0.36,
            "earningsPerShare": -0.02,
            "dividendPerShare": 0.00,
            "equityPerShare": 0.01,
            "dividendRatio": 0.0000,
            "turnoverPerShare": 0.00,
            "marketCapitalization": 28.0122,
            "marketCap": 28012227,
            "beta": 0.09,
            "volatility": 1.7230,
            "sma20": -0.1228,
            "sma50": -0.1061,
            "sma200": -0.3540,
            "smaBetween50and200": -0.2773,
            "rsi14": 33.33333333333333,
            "rsiTrendThreeDays": -0.0667,
            "rsiTrendFiveDays": 0.0000,
            "collateralValue": 0.0000,
            "profitMargin": -2.2324,
            "debtToEquityRatio": 0.4533,
            "sales": 26890000.00,
            "totalAssets": 70560000.00,
            "totalLiabilities": 22010000.00,
            "netProfit": -60030000.00
        },
        {
            "orderbookId": "488234",
            "type": "STOCK",
            "name": "DexTech Medical",
            "shortName": "DEX",
            "currency": "SEK",
            "countryCode": "SE",
            "marketPlaceCode": "XSAT",
            "directYield": 0.0000,
            "priceEarningsRatio": -20.76,
            "lastPrice": 5.20,
            "highestPrice": 5.80,
            "lowestPrice": 5.00,
            "buyPrice": 5.00,
            "sellPrice": 5.20,
            "totalValueTraded": 22356.4,
            "totalVolumeTraded": 4315,
            "lastPriceUpdated": 1748429998000,
            "oneDayChangePercent": 0.0612,
            "oneWeekChangePercent": 0.0000,
            "startOfYearChangePercent": 0.3000,
            "oneYearChangePercent": 0.2322,
            "oneMonthChangePercent": 0.2808,
            "threeMonthsChangePercent": 0.2500,
            "sixMonthsChangePercent": 0.2745,
            "threeYearsChangePercent": -0.2121,
            "fiveYearsChangePercent": -0.9198,
            "tenYearsChangePercent": -0.8805,
            "infinityChangePercent": -0.4800,
            "numberOfOwners": 672,
            "hasPosition": false,
            "hasAnalysis": false,
            "nextCompanyReport": "2025-08-30",
            "evEbitRatio": -15.08,
            "netDebtEbitdaRatio": 2.92,
            "returnOnEquity": -0.1763,
            "priceBookRatio": 3.66,
            "earningsPerShare": -0.24,
            "dividendPerShare": 0.00,
            "equityPerShare": 1.42,
            "dividendRatio": 0.0000,
            "turnoverPerShare": 0.00,
            "marketCapitalization": 96.1265,
            "marketCap": 96126456,
            "beta": 0.25,
            "volatility": 1.2415,
            "sma20": 0.0532,
            "sma50": 0.1468,
            "sma200": 0.1580,
            "smaBetween50and200": 0.0097,
            "rsi14": 56.13026819923371,
            "rsiTrendThreeDays": -0.0966,
            "rsiTrendFiveDays": -0.0895,
            "collateralValue": 0.0000,
            "debtToEquityRatio": 0.0110,
            "sales": 0.00,
            "totalAssets": 26550000.00,
            "totalLiabilities": 290000.00,
            "netProfit": -4630000.00
        },
        {
            "orderbookId": "45847",
            "type": "STOCK",
            "name": "Miris Holding",
            "shortName": "MIR",
            "currency": "SEK",
            "countryCode": "SE",
            "marketPlaceCode": "XSAT",
            "directYield": 0.0000,
            "priceEarningsRatio": -2.80,
            "lastPrice": 0.1170,
            "highestPrice": 0.1170,
            "lowestPrice": 0.0976,
            "buyPrice": 0.1000,
            "sellPrice": 0.1190,
            "totalValueTraded": 24501.4572,
            "totalVolumeTraded": 235844,
            "lastPriceUpdated": 1748429700000,
            "oneDayChangePercent": 0.0000,
            "oneWeekChangePercent": 0.2773,
            "startOfYearChangePercent": -0.0410,
            "oneYearChangePercent": -0.0488,
            "oneMonthChangePercent": 0.2238,
            "threeMonthsChangePercent": 0.0174,
            "sixMonthsChangePercent": -0.1333,
            "threeYearsChangePercent": -0.9124,
            "fiveYearsChangePercent": -0.9867,
            "tenYearsChangePercent": -0.9950,
            "infinityChangePercent": -0.9999,
            "numberOfOwners": 1852,
            "hasPosition": false,
            "hasAnalysis": false,
            "nextCompanyReport": "2025-05-30",
            "evEbitRatio": -4.19,
            "netDebtEbitdaRatio": -0.94,
            "pricePerSaleRatio": 1.01,
            "returnOnEquity": -2.3102,
            "priceBookRatio": 6.47,
            "earningsPerShare": -0.07,
            "dividendPerShare": 0.00,
            "equityPerShare": 0.02,
            "dividendRatio": 0.0000,
            "turnoverPerShare": 0.12,
            "marketCapitalization": 17.7334,
            "marketCap": 17733393,
            "beta": 0.14,
            "volatility": 1.3604,
            "sma20": 0.2253,
            "sma50": 0.3206,
            "sma200": 0.1060,
            "smaBetween50and200": -0.1625,
            "rsi14": 59.30018416206262,
            "rsiTrendThreeDays": 0.0820,
            "rsiTrendFiveDays": 0.1103,
            "collateralValue": 0.0000,
            "profitMargin": -0.3607,
            "debtToEquityRatio": 7.1861,
            "sales": 17550000.00,
            "totalAssets": 22430000.00,
            "totalLiabilities": 19690000.00,
            "netProfit": -6330000.00
        },
        {
            "orderbookId": "409455",
            "type": "STOCK",
            "name": "Mendus",
            "shortName": "IMMU",
            "currency": "SEK",
            "countryCode": "SE",
            "marketPlaceCode": "XSTO",
            "directYield": 0.0000,
            "priceEarningsRatio": -2.05,
            "lastPrice": 5.03,
            "highestPrice": 5.24,
            "lowestPrice": 4.825,
            "buyPrice": 5.01,
            "sellPrice": 5.03,
            "totalValueTraded": 28191.47,
            "totalVolumeTraded": 5639,
            "lastPriceUpdated": 1748429992000,
            "oneDayChangePercent": -0.0290,
            "oneWeekChangePercent": -0.0327,
            "startOfYearChangePercent": -0.3552,
            "oneYearChangePercent": -0.4705,
            "oneMonthChangePercent": 0.0111,
            "threeMonthsChangePercent": -0.3705,
            "sixMonthsChangePercent": -0.4035,
            "threeYearsChangePercent": -0.9027,
            "fiveYearsChangePercent": -0.9742,
            "tenYearsChangePercent": -0.9903,
            "infinityChangePercent": -0.9704,
            "numberOfOwners": 6047,
            "hasPosition": false,
            "hasAnalysis": false,
            "nextCompanyReport": "2025-08-22",
            "shortSellingRatio": 0.0000,
            "evEbitRatio": -1.50,
            "netDebtEbitdaRatio": 0.51,
            "returnOnEquity": -0.2006,
            "priceBookRatio": 0.41,
            "earningsPerShare": -3.21,
            "dividendPerShare": 0.00,
            "equityPerShare": 11.80,
            "dividendRatio": 0.0000,
            "turnoverPerShare": 0.00,
            "marketCapitalization": 261.9854,
            "marketCap": 261985427,
            "beta": 0.65,
            "volatility": 0.8823,
            "sma20": -0.0284,
            "sma50": -0.0780,
            "sma200": -0.3244,
            "smaBetween50and200": -0.2672,
            "rsi14": 38.68194842406878,
            "rsiTrendThreeDays": -0.0643,
            "rsiTrendFiveDays": -0.1089,
            "collateralValue": 0.0000,
            "debtToEquityRatio": 0.0859,
            "sales": 0.00,
            "totalAssets": 667300000.00,
            "totalLiabilities": 52760000.00,
            "netProfit": -123270000.00
        },
        {
            "orderbookId": "495224",
            "type": "STOCK",
            "name": "LIDDS",
            "shortName": "LIDDS",
            "currency": "SEK",
            "countryCode": "SE",
            "marketPlaceCode": "FNSE",
            "directYield": 0.0000,
            "priceEarningsRatio": -1.02,
            "lastPrice": 0.0320,
            "highestPrice": 0.0452,
            "lowestPrice": 0.0320,
            "totalValueTraded": 30188.748,
            "totalVolumeTraded": 891921,
            "lastPriceUpdated": 1748429993000,
            "oneDayChangePercent": -0.3548,
            "oneWeekChangePercent": -0.2195,
            "startOfYearChangePercent": -0.6847,
            "oneYearChangePercent": -0.7888,
            "oneMonthChangePercent": -0.2000,
            "threeMonthsChangePercent": -0.7217,
            "sixMonthsChangePercent": -0.7104,
            "threeYearsChangePercent": -0.9957,
            "fiveYearsChangePercent": -0.9980,
            "tenYearsChangePercent": -0.9963,
            "infinityChangePercent": -0.9971,
            "numberOfOwners": 1828,
            "hasPosition": false,
            "hasAnalysis": false,
            "nextCompanyReport": "2025-05-28",
            "evEbitRatio": 0.25,
            "netDebtEbitdaRatio": 1.38,
            "returnOnEquity": -0.6958,
            "priceBookRatio": 0.71,
            "earningsPerShare": -0.04,
            "dividendPerShare": 0.00,
            "equityPerShare": 0.05,
            "dividendRatio": 0.0000,
            "turnoverPerShare": 0.00,
            "marketCapitalization": 4.3668,
            "marketCap": 4366826,
            "beta": 0.56,
            "volatility": 2.9867,
            "sma20": 0.1638,
            "sma50": -0.2223,
            "sma200": -0.5598,
            "smaBetween50and200": -0.4340,
            "rsi14": 56.31578947368421,
            "rsiTrendThreeDays": 0.1097,
            "rsiTrendFiveDays": 0.1070,
            "collateralValue": 0.0000,
            "debtToEquityRatio": 0.3204,
            "sales": 0.00,
            "totalAssets": 8160000.00,
            "totalLiabilities": 1980000.00,
            "netProfit": -4300000.00
        },
        {
            "orderbookId": "237353",
            "type": "STOCK",
            "name": "Vivesto",
            "shortName": "VIVE",
            "currency": "SEK",
            "countryCode": "SE",
            "marketPlaceCode": "XSTO",
            "directYield": 0.0000,
            "priceEarningsRatio": -3.10,
            "lastPrice": 0.2285,
            "highestPrice": 0.2315,
            "lowestPrice": 0.2260,
            "buyPrice": 0.2260,
            "sellPrice": 0.2285,
            "totalValueTraded": 32287.1515,
            "totalVolumeTraded": 141514,
            "lastPriceUpdated": 1748429974000,
            "oneDayChangePercent": 0.0022,
            "oneWeekChangePercent": -0.0108,
            "startOfYearChangePercent": -0.2121,
            "oneYearChangePercent": -0.2434,
            "oneMonthChangePercent": -0.0318,
            "threeMonthsChangePercent": -0.0842,
            "sixMonthsChangePercent": -0.1854,
            "threeYearsChangePercent": -0.7771,
            "fiveYearsChangePercent": -0.9654,
            "tenYearsChangePercent": -0.9878,
            "infinityChangePercent": -0.9911,
            "numberOfOwners": 11289,
            "hasPosition": false,
            "hasAnalysis": false,
            "nextCompanyReport": "2025-08-12",
            "shortSellingRatio": 0.0000,
            "evEbitRatio": -2.40,
            "netDebtEbitdaRatio": 0.88,
            "returnOnEquity": -0.2639,
            "priceBookRatio": 0.82,
            "earningsPerShare": -0.07,
            "dividendPerShare": 0.00,
            "equityPerShare": 0.28,
            "dividendRatio": 0.0000,
            "turnoverPerShare": 0.00,
            "marketCapitalization": 122.9429,
            "marketCap": 122942929,
            "beta": 0.59,
            "volatility": 0.3013,
            "sma20": -0.0191,
            "sma50": -0.0295,
            "sma200": -0.0944,
            "smaBetween50and200": -0.0669,
            "rsi14": 42.5531914893617,
            "rsiTrendThreeDays": -0.1357,
            "rsiTrendFiveDays": -0.0745,
            "collateralValue": 0.0000,
            "debtToEquityRatio": 0.1390,
            "sales": 0.00,
            "totalAssets": 170980000.00,
            "totalLiabilities": 20860000.00,
            "netProfit": -39620000.00
        },
        {
            "orderbookId": "843896",
            "type": "STOCK",
            "name": "Fluicell",
            "shortName": "FLUI",
            "currency": "SEK",
            "countryCode": "SE",
            "marketPlaceCode": "FNSE",
            "directYield": 0.0000,
            "priceEarningsRatio": -1.47,
            "lastPrice": 11.1,
            "highestPrice": 11.6,
            "lowestPrice": 10.6,
            "buyPrice": 11.1,
            "sellPrice": 11.5,
            "totalValueTraded": 33175.1,
            "totalVolumeTraded": 2930,
            "lastPriceUpdated": 1748429984000,
            "oneDayChangePercent": 0.0000,
            "oneWeekChangePercent": -0.0750,
            "startOfYearChangePercent": -0.2265,
            "oneYearChangePercent": -0.6829,
            "oneMonthChangePercent": -0.1106,
            "threeMonthsChangePercent": -0.2265,
            "sixMonthsChangePercent": -0.4801,
            "threeYearsChangePercent": -0.9962,
            "fiveYearsChangePercent": -0.9970,
            "infinityChangePercent": -0.9979,
            "numberOfOwners": 4555,
            "hasPosition": false,
            "hasAnalysis": false,
            "nextCompanyReport": "2025-08-15",
            "shortSellingRatio": 0.0021,
            "evEbitRatio": -0.52,
            "netDebtEbitdaRatio": 0.95,
            "pricePerSaleRatio": 8.61,
            "returnOnEquity": -0.6250,
            "priceBookRatio": 0.92,
            "earningsPerShare": -1.96,
            "dividendPerShare": 0.00,
            "equityPerShare": 12.06,
            "dividendRatio": 0.0000,
            "turnoverPerShare": 1.29,
            "marketCapitalization": 15.2481,
            "marketCap": 15248103,
            "beta": 0.62,
            "volatility": 0.5825,
            "sma20": -0.0172,
            "sma50": -0.1575,
            "sma200": -0.4399,
            "smaBetween50and200": -0.3351,
            "rsi14": 41.66666666666667,
            "rsiTrendThreeDays": -0.0744,
            "rsiTrendFiveDays": -0.0624,
            "collateralValue": 0.0000,
            "profitMargin": -5.8475,
            "debtToEquityRatio": 0.3146,
            "sales": 1770000.00,
            "totalAssets": 21770000.00,
            "totalLiabilities": 5210000.00,
            "netProfit": -10350000.00
        },
        {
            "orderbookId": "710553",
            "type": "STOCK",
            "name": "Scandinavian ChemoTech B",
            "shortName": "CMOTEC B",
            "currency": "SEK",
            "countryCode": "SE",
            "marketPlaceCode": "FNSE",
            "directYield": 0.0000,
            "priceEarningsRatio": -3.31,
            "lastPrice": 1.965,
            "highestPrice": 1.995,
            "lowestPrice": 1.810,
            "buyPrice": 1.810,
            "sellPrice": 1.955,
            "totalValueTraded": 33260.64,
            "totalVolumeTraded": 16939,
            "lastPriceUpdated": 1748429988000,
            "oneDayChangePercent": -0.0175,
            "oneWeekChangePercent": -0.0415,
            "startOfYearChangePercent": 0.0978,
            "oneYearChangePercent": -0.0101,
            "oneMonthChangePercent": 0.3413,
            "threeMonthsChangePercent": 0.6513,
            "sixMonthsChangePercent": 0.1165,
            "threeYearsChangePercent": -0.8523,
            "fiveYearsChangePercent": -0.8246,
            "infinityChangePercent": -0.9634,
            "numberOfOwners": 1918,
            "hasPosition": false,
            "hasAnalysis": false,
            "nextCompanyReport": "2025-08-12",
            "evEbitRatio": -3.57,
            "netDebtEbitdaRatio": 0.10,
            "pricePerSaleRatio": 5.97,
            "returnOnEquity": -3.7405,
            "priceBookRatio": 12.40,
            "earningsPerShare": -0.62,
            "dividendPerShare": 0.00,
            "equityPerShare": 0.16,
            "dividendRatio": 0.0000,
            "turnoverPerShare": 0.33,
            "marketCapitalization": 45.8709,
            "marketCap": 45870917,
            "beta": 0.36,
            "volatility": 0.9916,
            "sma20": -0.0165,
            "sma50": 0.2536,
            "sma200": 0.2083,
            "smaBetween50and200": -0.0361,
            "rsi14": 52.755905511811015,
            "rsiTrendThreeDays": 0.0884,
            "rsiTrendFiveDays": -0.1007,
            "collateralValue": 0.0000,
            "profitMargin": -1.7997,
            "debtToEquityRatio": 2.5324,
            "sales": 7690000.00,
            "totalAssets": 13070000.00,
            "totalLiabilities": 9370000.00,
            "netProfit": -13840000.00
        },
        {
            "orderbookId": "618978",
            "type": "STOCK",
            "name": "Toleranzia",
            "shortName": "TOL",
            "currency": "SEK",
            "countryCode": "SE",
            "marketPlaceCode": "FNSE",
            "directYield": 0.0000,
            "priceEarningsRatio": -10.21,
            "lastPrice": 0.450,
            "highestPrice": 0.459,
            "lowestPrice": 0.448,
            "buyPrice": 0.443,
            "sellPrice": 0.450,
            "totalValueTraded": 37197.301,
            "totalVolumeTraded": 82869,
            "lastPriceUpdated": 1748429994000,
            "oneDayChangePercent": -0.0260,
            "oneWeekChangePercent": -0.0586,
            "startOfYearChangePercent": -0.2424,
            "oneYearChangePercent": -0.2812,
            "oneMonthChangePercent": 0.0321,
            "threeMonthsChangePercent": 0.1250,
            "sixMonthsChangePercent": -0.2133,
            "threeYearsChangePercent": -0.6087,
            "fiveYearsChangePercent": -0.7554,
            "infinityChangePercent": -0.9503,
            "numberOfOwners": 1132,
            "hasPosition": false,
            "hasAnalysis": false,
            "nextCompanyReport": "2025-08-20",
            "shortSellingRatio": 0.0000,
            "evEbitRatio": -9.79,
            "netDebtEbitdaRatio": -0.63,
            "returnOnEquity": -0.0675,
            "priceBookRatio": 0.69,
            "earningsPerShare": -0.05,
            "dividendPerShare": 0.00,
            "equityPerShare": 0.65,
            "dividendRatio": 0.0000,
            "turnoverPerShare": 0.00,
            "marketCapitalization": 121.9329,
            "marketCap": 121932903,
            "beta": 0.61,
            "volatility": 0.4339,
            "sma20": 0.0283,
            "sma50": 0.0970,
            "sma200": -0.0895,
            "smaBetween50and200": -0.1700,
            "rsi14": 57.37704918032789,
            "rsiTrendThreeDays": -0.0814,
            "rsiTrendFiveDays": -0.1586,
            "collateralValue": 0.0000,
            "debtToEquityRatio": 0.0324,
            "sales": 0.00,
            "totalAssets": 182510000.00,
            "totalLiabilities": 5730000.00,
            "netProfit": -11940000.00
        },
        {
            "orderbookId": "1253509",
            "type": "STOCK",
            "name": "Modus Therapeutics",
            "shortName": "MODTX",
            "currency": "SEK",
            "countryCode": "SE",
            "marketPlaceCode": "FNSE",
            "directYield": 0.0000,
            "priceEarningsRatio": -3.25,
            "lastPrice": 1.405,
            "highestPrice": 1.410,
            "lowestPrice": 1.365,
            "buyPrice": 1.380,
            "sellPrice": 1.430,
            "totalValueTraded": 37237.11,
            "totalVolumeTraded": 26654,
            "lastPriceUpdated": 1748429992000,
            "oneDayChangePercent": -0.0035,
            "oneWeekChangePercent": 0.0766,
            "startOfYearChangePercent": -0.2216,
            "oneYearChangePercent": 0.3575,
            "oneMonthChangePercent": 0.1063,
            "threeMonthsChangePercent": 0.0564,
            "sixMonthsChangePercent": 0.1240,
            "threeYearsChangePercent": -0.5468,
            "infinityChangePercent": -0.7324,
            "numberOfOwners": 403,
            "hasPosition": false,
            "hasAnalysis": false,
            "nextCompanyReport": "2025-08-27",
            "evEbitRatio": -3.25,
            "netDebtEbitdaRatio": 0.02,
            "returnOnEquity": 222.1429,
            "priceBookRatio": -721.35,
            "earningsPerShare": -0.42,
            "dividendPerShare": 0.00,
            "equityPerShare": 0.00,
            "dividendRatio": 0.0000,
            "turnoverPerShare": 0.00,
            "marketCapitalization": 50.4942,
            "marketCap": 50494153,
            "volatility": 0.5915,
            "sma20": 0.0153,
            "sma50": 0.0753,
            "sma200": -0.0335,
            "smaBetween50and200": -0.1011,
            "rsi14": 43.636363636363626,
            "rsiTrendThreeDays": -0.1433,
            "rsiTrendFiveDays": -0.0878,
            "collateralValue": 0.0000,
            "debtToEquityRatio": -89.1429,
            "sales": 0.00,
            "totalAssets": 6170000.00,
            "totalLiabilities": 6240000.00,
            "netProfit": -15550000.00
        },
        {
            "orderbookId": "663499",
            "type": "STOCK",
            "name": "Enorama Pharma",
            "shortName": "ERMA",
            "currency": "SEK",
            "countryCode": "SE",
            "marketPlaceCode": "FNSE",
            "directYield": 0.0000,
            "priceEarningsRatio": -2.78,
            "lastPrice": 2.69,
            "highestPrice": 2.69,
            "lowestPrice": 1.515,
            "buyPrice": 2.30,
            "sellPrice": 2.69,
            "totalValueTraded": 40241.185,
            "totalVolumeTraded": 16801,
            "lastPriceUpdated": 1748429976000,
            "oneDayChangePercent": -0.0358,
            "oneWeekChangePercent": -0.0324,
            "startOfYearChangePercent": -0.1994,
            "oneYearChangePercent": 0.1447,
            "oneMonthChangePercent": -0.1294,
            "threeMonthsChangePercent": 0.2396,
            "sixMonthsChangePercent": -0.2548,
            "threeYearsChangePercent": -0.8079,
            "fiveYearsChangePercent": -0.9292,
            "infinityChangePercent": -0.6595,
            "numberOfOwners": 1164,
            "hasPosition": false,
            "hasAnalysis": false,
            "nextCompanyReport": "2025-08-20",
            "shortSellingRatio": 0.0000,
            "pricePerSaleRatio": 10.03,
            "returnOnEquity": -6.2882,
            "priceBookRatio": 17.51,
            "earningsPerShare": -0.92,
            "dividendPerShare": 0.00,
            "equityPerShare": 0.14,
            "dividendRatio": 0.0000,
            "turnoverPerShare": 0.24,
            "marketCapitalization": 180.6031,
            "marketCap": 180603055,
            "beta": 0.31,
            "volatility": 1.3021,
            "sma20": 0.0090,
            "sma50": 0.0792,
            "sma200": -0.2048,
            "smaBetween50and200": -0.2631,
            "rsi14": 50.21097046413503,
            "rsiTrendThreeDays": -0.0433,
            "rsiTrendFiveDays": 0.0074,
            "collateralValue": 0.0000,
            "profitMargin": -3.6014,
            "debtToEquityRatio": 2.8156,
            "sales": 16219000.00,
            "totalAssets": 35443000.00,
            "totalLiabilities": 26154000.00,
            "netProfit": -58411000.00
        },
        {
            "orderbookId": "293975",
            "type": "STOCK",
            "name": "Enzymatica",
            "shortName": "ENZY",
            "currency": "SEK",
            "countryCode": "SE",
            "marketPlaceCode": "FNSE",
            "directYield": 0.0000,
            "priceEarningsRatio": -13.59,
            "lastPrice": 2.93,
            "highestPrice": 3.08,
            "lowestPrice": 2.93,
            "buyPrice": 2.93,
            "sellPrice": 2.99,
            "totalValueTraded": 41631.6,
            "totalVolumeTraded": 13949,
            "lastPriceUpdated": 1748429981000,
            "oneDayChangePercent": -0.0330,
            "oneWeekChangePercent": -0.0518,
            "startOfYearChangePercent": 0.8544,
            "oneYearChangePercent": 0.0138,
            "oneMonthChangePercent": -0.1629,
            "threeMonthsChangePercent": 0.9932,
            "sixMonthsChangePercent": 0.6743,
            "threeYearsChangePercent": -0.3805,
            "fiveYearsChangePercent": -0.7348,
            "tenYearsChangePercent": -0.6383,
            "infinityChangePercent": -0.6041,
            "numberOfOwners": 4268,
            "hasPosition": false,
            "hasAnalysis": false,
            "nextCompanyReport": "2025-07-17",
            "shortSellingRatio": 0.0000,
            "evEbitRatio": -12.52,
            "netDebtEbitdaRatio": 1.25,
            "pricePerSaleRatio": 14.68,
            "returnOnEquity": -0.3313,
            "priceBookRatio": 4.50,
            "earningsPerShare": -0.24,
            "dividendPerShare": 0.00,
            "equityPerShare": 0.65,
            "dividendRatio": 0.0000,
            "turnoverPerShare": 0.20,
            "marketCapitalization": 711.2139,
            "marketCap": 711213866,
            "beta": 0.64,
            "volatility": 0.6740,
            "sma20": -0.0188,
            "sma50": -0.1542,
            "sma200": 0.2995,
            "smaBetween50and200": 0.5365,
            "rsi14": 48.648648648648646,
            "rsiTrendThreeDays": -0.0101,
            "rsiTrendFiveDays": -0.0048,
            "collateralValue": 0.0000,
            "profitMargin": -1.0803,
            "debtToEquityRatio": 0.1456,
            "sales": 48440000.00,
            "totalAssets": 180960000.00,
            "totalLiabilities": 23000000.00,
            "netProfit": -52330000.00
        },
        {
            "orderbookId": "1188938",
            "type": "STOCK",
            "name": "OncoZenge",
            "shortName": "ONCOZ",
            "currency": "SEK",
            "countryCode": "SE",
            "marketPlaceCode": "FNSE",
            "directYield": 0.0000,
            "priceEarningsRatio": -9.38,
            "lastPrice": 5.03,
            "highestPrice": 5.28,
            "lowestPrice": 5.02,
            "buyPrice": 5.03,
            "sellPrice": 5.15,
            "totalValueTraded": 43817.91,
            "totalVolumeTraded": 8568,
            "lastPriceUpdated": 1748429971000,
            "oneDayChangePercent": -0.0491,
            "oneWeekChangePercent": 0.0060,
            "startOfYearChangePercent": 0.3413,
            "oneYearChangePercent": 0.4351,
            "oneMonthChangePercent": 0.0817,
            "threeMonthsChangePercent": -0.2470,
            "sixMonthsChangePercent": 0.2120,
            "threeYearsChangePercent": 0.7375,
            "infinityChangePercent": -0.6691,
            "numberOfOwners": 2609,
            "hasPosition": false,
            "hasAnalysis": false,
            "nextCompanyReport": "2025-08-21",
            "evEbitRatio": -9.18,
            "netDebtEbitdaRatio": 0.21,
            "pricePerSaleRatio": 21.74,
            "returnOnEquity": -0.6286,
            "priceBookRatio": 5.90,
            "earningsPerShare": -0.54,
            "dividendPerShare": 0.00,
            "equityPerShare": 0.85,
            "dividendRatio": 0.0000,
            "turnoverPerShare": 0.23,
            "marketCapitalization": 58.9176,
            "marketCap": 58917617,
            "beta": 0.48,
            "volatility": 0.7107,
            "sma20": 0.1129,
            "sma50": 0.0419,
            "sma200": -0.1084,
            "smaBetween50and200": -0.1442,
            "rsi14": 71.3221601489758,
            "rsiTrendThreeDays": -0.0141,
            "rsiTrendFiveDays": 0.0977,
            "collateralValue": 0.0000,
            "profitMargin": -2.3173,
            "debtToEquityRatio": 0.1752,
            "sales": 2710000.00,
            "totalAssets": 11740000.00,
            "totalLiabilities": 1750000.00,
            "netProfit": -6280000.00
        },
        {
            "orderbookId": "644518",
            "type": "STOCK",
            "name": "Xintela",
            "shortName": "XINT",
            "currency": "SEK",
            "countryCode": "SE",
            "marketPlaceCode": "FNSE",
            "directYield": 0.0000,
            "priceEarningsRatio": -5.77,
            "lastPrice": 0.393,
            "highestPrice": 0.419,
            "lowestPrice": 0.388,
            "buyPrice": 0.386,
            "sellPrice": 0.393,
            "totalValueTraded": 45381.48,
            "totalVolumeTraded": 115202,
            "lastPriceUpdated": 1748429981000,
            "oneDayChangePercent": 0.0000,
            "oneWeekChangePercent": -0.2045,
            "startOfYearChangePercent": 0.1909,
            "oneYearChangePercent": 0.5115,
            "oneMonthChangePercent": -0.0643,
            "threeMonthsChangePercent": -0.1068,
            "sixMonthsChangePercent": 0.2281,
            "threeYearsChangePercent": -0.2294,
            "fiveYearsChangePercent": -0.8966,
            "infinityChangePercent": -0.9058,
            "numberOfOwners": 2186,
            "hasPosition": false,
            "hasAnalysis": false,
            "nextCompanyReport": "2025-08-29",
            "shortSellingRatio": 0.0000,
            "pricePerSaleRatio": 54.89,
            "returnOnEquity": 2.3200,
            "priceBookRatio": -13.39,
            "earningsPerShare": -0.07,
            "dividendPerShare": 0.00,
            "equityPerShare": -0.03,
            "dividendRatio": 0.0000,
            "turnoverPerShare": 0.01,
            "marketCapitalization": 261.6586,
            "marketCap": 261658627,
            "beta": 0.47,
            "volatility": 1.0928,
            "sma20": -0.0810,
            "sma50": -0.0653,
            "sma200": -0.0436,
            "smaBetween50and200": 0.0233,
            "rsi14": 48.7012987012987,
            "rsiTrendThreeDays": -0.2029,
            "rsiTrendFiveDays": -0.2008,
            "collateralValue": 0.0000,
            "profitMargin": -9.5116,
            "debtToEquityRatio": -1.7807,
            "sales": 4060000.00,
            "totalAssets": 12994000.00,
            "totalLiabilities": 29639000.00,
            "netProfit": -38617000.00
        },
        {
            "orderbookId": "1196139",
            "type": "STOCK",
            "name": "Lipigon Pharmaceuticals",
            "shortName": "LPGO",
            "currency": "SEK",
            "countryCode": "SE",
            "marketPlaceCode": "FNSE",
            "directYield": 0.0000,
            "priceEarningsRatio": -0.52,
            "lastPrice": 0.0950,
            "highestPrice": 0.0978,
            "lowestPrice": 0.0900,
            "buyPrice": 0.0918,
            "sellPrice": 0.0948,
            "totalValueTraded": 46091.3146,
            "totalVolumeTraded": 490003,
            "lastPriceUpdated": 1748429700000,
            "oneDayChangePercent": 0.0304,
            "oneWeekChangePercent": 0.0000,
            "startOfYearChangePercent": -0.1768,
            "oneYearChangePercent": -0.6763,
            "oneMonthChangePercent": -0.1324,
            "threeMonthsChangePercent": -0.1316,
            "sixMonthsChangePercent": -0.4359,
            "threeYearsChangePercent": -0.9597,
            "infinityChangePercent": -0.9906,
            "numberOfOwners": 1602,
            "hasPosition": false,
            "hasAnalysis": false,
            "nextCompanyReport": "2025-08-26",
            "pricePerSaleRatio": 1.37,
            "returnOnEquity": -0.9231,
            "priceBookRatio": 0.48,
            "earningsPerShare": -0.18,
            "dividendPerShare": 0.00,
            "equityPerShare": 0.05,
            "dividendRatio": 0.0000,
            "turnoverPerShare": 0.02,
            "marketCapitalization": 53.5473,
            "marketCap": 53547316,
            "beta": 0.48,
            "volatility": 0.6078,
            "sma20": -0.0650,
            "sma50": -0.3276,
            "sma200": -0.4894,
            "smaBetween50and200": -0.2405,
            "rsi14": 50.0,
            "rsiTrendThreeDays": 0.1343,
            "rsiTrendFiveDays": 0.1894,
            "collateralValue": 0.0000,
            "profitMargin": -2.6234,
            "debtToEquityRatio": 0.2453,
            "sales": 10290000.00,
            "totalAssets": 36417000.00,
            "totalLiabilities": 7174000.00,
            "netProfit": -26995000.00
        },
        {
            "orderbookId": "842107",
            "type": "STOCK",
            "name": "Gabather",
            "shortName": "GABA",
            "currency": "SEK",
            "countryCode": "SE",
            "marketPlaceCode": "FNSE",
            "directYield": 0.0000,
            "priceEarningsRatio": -0.13,
            "lastPrice": 0.0410,
            "highestPrice": 0.0490,
            "lowestPrice": 0.0348,
            "buyPrice": 0.0410,
            "sellPrice": 0.0428,
            "totalValueTraded": 46371.0674,
            "totalVolumeTraded": 1092089,
            "lastPriceUpdated": 1748429991000,
            "oneDayChangePercent": -0.1633,
            "oneWeekChangePercent": -0.1598,
            "startOfYearChangePercent": -0.8975,
            "oneYearChangePercent": -0.9733,
            "oneMonthChangePercent": 0.0354,
            "threeMonthsChangePercent": -0.7029,
            "sixMonthsChangePercent": -0.9278,
            "threeYearsChangePercent": -0.9933,
            "fiveYearsChangePercent": -0.9920,
            "infinityChangePercent": -0.9974,
            "numberOfOwners": 2123,
            "hasPosition": false,
            "hasAnalysis": false,
            "nextCompanyReport": "2025-05-28",
            "shortSellingRatio": 0.0000,
            "evEbitRatio": -0.01,
            "netDebtEbitdaRatio": 0.11,
            "returnOnEquity": 1.8541,
            "priceBookRatio": -0.23,
            "earningsPerShare": -0.37,
            "dividendPerShare": 0.00,
            "equityPerShare": -0.02,
            "dividendRatio": 0.0000,
            "turnoverPerShare": 0.00,
            "marketCapitalization": 9.6844,
            "marketCap": 9684400,
            "beta": 0.21,
            "volatility": 0.8958,
            "sma20": 0.0664,
            "sma50": 0.0291,
            "sma200": -0.8627,
            "smaBetween50and200": -0.8665,
            "rsi14": 60.544217687074834,
            "rsiTrendThreeDays": -0.0586,
            "rsiTrendFiveDays": -0.0848,
            "collateralValue": 0.0000,
            "debtToEquityRatio": -1.4378,
            "sales": 0.00,
            "totalAssets": 1830000.00,
            "totalLiabilities": 6010000.00,
            "netProfit": -7750000.00
        },
        {
            "orderbookId": "567480",
            "type": "STOCK",
            "name": "Corline Biomedical",
            "shortName": "CLBIO",
            "currency": "SEK",
            "countryCode": "SE",
            "marketPlaceCode": "FNSE",
            "directYield": 0.0000,
            "priceEarningsRatio": -9.76,
            "lastPrice": 9.80,
            "highestPrice": 10.05,
            "lowestPrice": 9.72,
            "buyPrice": 9.76,
            "sellPrice": 9.94,
            "totalValueTraded": 49614.95,
            "totalVolumeTraded": 4989,
            "lastPriceUpdated": 1748429993000,
            "oneDayChangePercent": -0.0041,
            "oneWeekChangePercent": -0.0180,
            "startOfYearChangePercent": 0.1162,
            "oneYearChangePercent": -0.0711,
            "oneMonthChangePercent": 0.0538,
            "threeMonthsChangePercent": -0.0081,
            "sixMonthsChangePercent": 0.5313,
            "threeYearsChangePercent": -0.1833,
            "fiveYearsChangePercent": -0.5311,
            "infinityChangePercent": -0.0439,
            "numberOfOwners": 891,
            "hasPosition": false,
            "hasAnalysis": false,
            "nextCompanyReport": "2025-08-26",
            "shortSellingRatio": 0.0000,
            "evEbitRatio": -9.29,
            "netDebtEbitdaRatio": 0.48,
            "pricePerSaleRatio": 29.63,
            "returnOnEquity": -0.2933,
            "priceBookRatio": 2.86,
            "earningsPerShare": -1.11,
            "dividendPerShare": 0.00,
            "equityPerShare": 3.42,
            "dividendRatio": 0.0000,
            "turnoverPerShare": 0.33,
            "marketCapitalization": 240.0100,
            "marketCap": 240010026,
            "beta": 0.47,
            "volatility": 0.5969,
            "sma20": -0.0385,
            "sma50": 0.0096,
            "sma200": 0.0760,
            "smaBetween50and200": 0.0657,
            "rsi14": 32.85024154589371,
            "rsiTrendThreeDays": -0.0930,
            "rsiTrendFiveDays": 0.0415,
            "collateralValue": 0.0000,
            "profitMargin": -3.0358,
            "debtToEquityRatio": 0.0682,
            "sales": 8100000.00,
            "totalAssets": 89560000.00,
            "totalLiabilities": 5720000.00,
            "netProfit": -24590000.00
        },
        {
            "orderbookId": "555931",
            "type": "STOCK",
            "name": "Aptahem",
            "shortName": "APTA",
            "currency": "SEK",
            "countryCode": "SE",
            "marketPlaceCode": "XSAT",
            "directYield": 0.0000,
            "priceEarningsRatio": -1.65,
            "lastPrice": 1.150,
            "highestPrice": 1.190,
            "lowestPrice": 1.130,
            "buyPrice": 1.130,
            "sellPrice": 1.150,
            "totalValueTraded": 52492.75,
            "totalVolumeTraded": 46123,
            "lastPriceUpdated": 1748429973000,
            "oneDayChangePercent": 0.0088,
            "oneWeekChangePercent": -0.0086,
            "startOfYearChangePercent": -0.1901,
            "oneYearChangePercent": -0.5979,
            "oneMonthChangePercent": -0.2256,
            "threeMonthsChangePercent": 0.5092,
            "sixMonthsChangePercent": -0.1386,
            "threeYearsChangePercent": -0.9761,
            "fiveYearsChangePercent": -0.9951,
            "tenYearsChangePercent": -0.9993,
            "infinityChangePercent": -0.9989,
            "numberOfOwners": 2083,
            "hasPosition": false,
            "hasAnalysis": false,
            "nextCompanyReport": "2025-05-28",
            "returnOnEquity": -0.1371,
            "priceBookRatio": 0.23,
            "earningsPerShare": -1.07,
            "dividendPerShare": 0.00,
            "equityPerShare": 2.85,
            "dividendRatio": 0.0000,
            "turnoverPerShare": 0.00,
            "marketCapitalization": 25.5571,
            "marketCap": 25557088,
            "beta": 0.34,
            "volatility": 2.0067,
            "sma20": 0.0875,
            "sma50": -0.0082,
            "sma200": -0.3357,
            "smaBetween50and200": -0.3303,
            "rsi14": 71.77033492822967,
            "rsiTrendThreeDays": 0.3107,
            "rsiTrendFiveDays": 0.3259,
            "collateralValue": 0.0000,
            "debtToEquityRatio": 0.0414,
            "sales": 0.00,
            "totalAssets": 66070000.00,
            "totalLiabilities": 2626000.00,
            "netProfit": -8698000.00
        },
        {
            "orderbookId": "811215",
            "type": "STOCK",
            "name": "Bio-Works Technologies",
            "shortName": "BIOWKS",
            "currency": "SEK",
            "countryCode": "SE",
            "marketPlaceCode": "XSAT",
            "directYield": 0.0000,
            "priceEarningsRatio": -3.86,
            "lastPrice": 1.850,
            "highestPrice": 1.850,
            "lowestPrice": 1.750,
            "buyPrice": 1.750,
            "sellPrice": 1.845,
            "totalValueTraded": 53439.475,
            "totalVolumeTraded": 29474,
            "lastPriceUpdated": 1748429700000,
            "oneDayChangePercent": -0.0054,
            "oneWeekChangePercent": 0.2416,
            "startOfYearChangePercent": 0.9211,
            "oneYearChangePercent": -0.1591,
            "oneMonthChangePercent": 0.4397,
            "threeMonthsChangePercent": 0.2644,
            "sixMonthsChangePercent": 1.0252,
            "threeYearsChangePercent": -0.8972,
            "fiveYearsChangePercent": -0.7459,
            "infinityChangePercent": -0.8520,
            "numberOfOwners": 1340,
            "hasPosition": false,
            "hasAnalysis": false,
            "nextCompanyReport": "2025-08-22",
            "shortSellingRatio": 0.0000,
            "evEbitRatio": -2.89,
            "netDebtEbitdaRatio": -0.89,
            "pricePerSaleRatio": 5.66,
            "returnOnEquity": -0.8380,
            "priceBookRatio": 3.24,
            "earningsPerShare": -0.75,
            "dividendPerShare": 0.00,
            "equityPerShare": 0.57,
            "dividendRatio": 0.0000,
            "turnoverPerShare": 0.32,
            "marketCapitalization": 145.6569,
            "marketCap": 145656903,
            "beta": 0.54,
            "volatility": 0.6120,
            "sma20": 0.3103,
            "sma50": 0.3591,
            "sma200": 0.5881,
            "smaBetween50and200": 0.1686,
            "rsi14": 88.19444444444443,
            "rsiTrendThreeDays": 0.1019,
            "rsiTrendFiveDays": 0.1258,
            "collateralValue": 0.0000,
            "profitMargin": -1.4668,
            "debtToEquityRatio": 0.1777,
            "sales": 25470000.00,
            "totalAssets": 52500000.00,
            "totalLiabilities": 7920000.00,
            "netProfit": -37360000.00
        },
        {
            "orderbookId": "1243633",
            "type": "STOCK",
            "name": "Biosergen",
            "shortName": "BIOSGN",
            "currency": "SEK",
            "countryCode": "SE",
            "marketPlaceCode": "FNSE",
            "directYield": 0.0000,
            "priceEarningsRatio": -7.41,
            "lastPrice": 0.538,
            "highestPrice": 0.558,
            "lowestPrice": 0.530,
            "buyPrice": 0.530,
            "sellPrice": 0.538,
            "totalValueTraded": 55931.656,
            "totalVolumeTraded": 102795,
            "lastPriceUpdated": 1748429995000,
            "oneDayChangePercent": 0.0151,
            "oneWeekChangePercent": -0.0528,
            "startOfYearChangePercent": 0.0151,
            "oneYearChangePercent": 0.7524,
            "oneMonthChangePercent": 0.8237,
            "threeMonthsChangePercent": 0.2283,
            "sixMonthsChangePercent": -0.1799,
            "threeYearsChangePercent": -0.8991,
            "infinityChangePercent": -0.9235,
            "numberOfOwners": 636,
            "hasPosition": false,
            "hasAnalysis": false,
            "nextCompanyReport": "2025-08-20",
            "returnOnEquity": -0.3926,
            "priceBookRatio": 2.91,
            "earningsPerShare": -0.12,
            "dividendPerShare": 0.00,
            "equityPerShare": 0.18,
            "dividendRatio": 0.0000,
            "turnoverPerShare": 0.00,
            "marketCapitalization": 126.3349,
            "marketCap": 126334888,
            "volatility": 0.8185,
            "sma20": 0.1983,
            "sma50": 0.4022,
            "sma200": 0.0082,
            "smaBetween50and200": -0.2810,
            "rsi14": 73.23600973236012,
            "rsiTrendThreeDays": -0.0682,
            "rsiTrendFiveDays": -0.1447,
            "collateralValue": 0.0000,
            "debtToEquityRatio": 0.0898,
            "sales": 0.00,
            "totalAssets": 47319000.00,
            "totalLiabilities": 3899000.00,
            "netProfit": -17047000.00
        },
        {
            "orderbookId": "734916",
            "type": "STOCK",
            "name": "Chordate Medical Holding",
            "shortName": "CMH",
            "currency": "SEK",
            "countryCode": "SE",
            "marketPlaceCode": "FNSE",
            "directYield": 0.0000,
            "priceEarningsRatio": -1.22,
            "lastPrice": 7.70,
            "highestPrice": 7.96,
            "lowestPrice": 7.54,
            "buyPrice": 7.58,
            "sellPrice": 7.84,
            "totalValueTraded": 58451.36,
            "totalVolumeTraded": 7605,
            "lastPriceUpdated": 1748429992000,
            "oneDayChangePercent": -0.0153,
            "oneWeekChangePercent": -0.0833,
            "startOfYearChangePercent": -0.1425,
            "oneYearChangePercent": -0.7289,
            "oneMonthChangePercent": 0.3276,
            "threeMonthsChangePercent": -0.3094,
            "sixMonthsChangePercent": -0.5947,
            "threeYearsChangePercent": -0.9797,
            "fiveYearsChangePercent": -0.9819,
            "infinityChangePercent": -0.9989,
            "numberOfOwners": 2875,
            "hasPosition": false,
            "hasAnalysis": false,
            "nextCompanyReport": "2025-08-29",
            "shortSellingRatio": 0.0000,
            "pricePerSaleRatio": 33.17,
            "returnOnEquity": -1.3489,
            "priceBookRatio": 1.65,
            "earningsPerShare": -32.15,
            "dividendPerShare": 0.00,
            "equityPerShare": 7.41,
            "dividendRatio": 0.0000,
            "turnoverPerShare": 0.37,
            "marketCapitalization": 26.8652,
            "marketCap": 26865244,
            "beta": 0.41,
            "volatility": 1.0269,
            "sma20": -0.0363,
            "sma50": 0.1875,
            "sma200": -0.5417,
            "smaBetween50and200": -0.6140,
            "rsi14": 54.91071428571429,
            "rsiTrendThreeDays": -0.0790,
            "rsiTrendFiveDays": -0.0926,
            "collateralValue": 0.0000,
            "profitMargin": -27.0921,
            "debtToEquityRatio": 0.3161,
            "sales": 996105.00,
            "totalAssets": 26330996.00,
            "totalLiabilities": 6324312.00,
            "netProfit": -26986609.00
        },
        {
            "orderbookId": "278389",
            "type": "STOCK",
            "name": "Kancera",
            "shortName": "KAN",
            "currency": "SEK",
            "countryCode": "SE",
            "marketPlaceCode": "FNSE",
            "directYield": 0.0000,
            "priceEarningsRatio": -2.75,
            "lastPrice": 1.012,
            "highestPrice": 1.012,
            "lowestPrice": 0.986,
            "buyPrice": 0.990,
            "sellPrice": 1.008,
            "totalValueTraded": 60223.322,
            "totalVolumeTraded": 60033,
            "lastPriceUpdated": 1748429975000,
            "oneDayChangePercent": 0.0130,
            "oneWeekChangePercent": -0.0039,
            "startOfYearChangePercent": -0.0750,
            "oneYearChangePercent": -0.4171,
            "oneMonthChangePercent": -0.1409,
            "threeMonthsChangePercent": 0.0264,
            "sixMonthsChangePercent": 0.0020,
            "threeYearsChangePercent": -0.8378,
            "fiveYearsChangePercent": -0.9343,
            "tenYearsChangePercent": -0.9830,
            "infinityChangePercent": -0.9816,
            "numberOfOwners": 10966,
            "hasPosition": false,
            "hasAnalysis": false,
            "nextCompanyReport": "2025-08-28",
            "shortSellingRatio": 0.0019,
            "returnOnEquity": -0.9020,
            "priceBookRatio": 2.48,
            "earningsPerShare": -0.37,
            "dividendPerShare": 0.00,
            "equityPerShare": 0.41,
            "dividendRatio": 0.0000,
            "turnoverPerShare": 0.00,
            "marketCapitalization": 122.6405,
            "marketCap": 122640463,
            "beta": 0.56,
            "volatility": 0.4667,
            "sma20": -0.0818,
            "sma50": -0.1289,
            "sma200": -0.2974,
            "smaBetween50and200": -0.1935,
            "rsi14": 31.024930747922454,
            "rsiTrendThreeDays": 0.0760,
            "rsiTrendFiveDays": 0.0917,
            "collateralValue": 0.0000,
            "debtToEquityRatio": 0.3287,
            "sales": 0.00,
            "totalAssets": 65601000.00,
            "totalLiabilities": 16227000.00,
            "netProfit": -44537000.00
        },
        {
            "orderbookId": "739176",
            "type": "STOCK",
            "name": "Initiator Pharma",
            "shortName": "INIT",
            "currency": "SEK",
            "countryCode": "SE",
            "marketPlaceCode": "FNSE",
            "directYield": 0.0000,
            "priceEarningsRatio": -12.38,
            "lastPrice": 3.79,
            "highestPrice": 3.90,
            "lowestPrice": 3.75,
            "buyPrice": 3.75,
            "sellPrice": 3.79,
            "totalValueTraded": 69347.05,
            "totalVolumeTraded": 18338,
            "lastPriceUpdated": 1748429986000,
            "oneDayChangePercent": -0.0257,
            "oneWeekChangePercent": 0.0216,
            "startOfYearChangePercent": -0.4467,
            "oneYearChangePercent": -0.5880,
            "oneMonthChangePercent": -0.4223,
            "threeMonthsChangePercent": -0.4699,
            "sixMonthsChangePercent": -0.4586,
            "threeYearsChangePercent": -0.4721,
            "fiveYearsChangePercent": -0.2390,
            "infinityChangePercent": -0.3466,
            "numberOfOwners": 2267,
            "hasPosition": false,
            "hasAnalysis": false,
            "nextCompanyReport": "2025-08-22",
            "evEbitRatio": -9.67,
            "returnOnEquity": -0.9689,
            "priceBookRatio": 11.99,
            "earningsPerShare": -0.30,
            "dividendPerShare": 0.00,
            "equityPerShare": 0.32,
            "dividendRatio": 0.0000,
            "turnoverPerShare": 0.00,
            "marketCapitalization": 212.8402,
            "marketCap": 212840188,
            "beta": 0.38,
            "volatility": 1.2820,
            "sma20": -0.2698,
            "sma50": -0.3466,
            "sma200": -0.4378,
            "smaBetween50and200": -0.1396,
            "rsi14": 22.391857506361333,
            "rsiTrendThreeDays": 0.0372,
            "rsiTrendFiveDays": 0.0311,
            "collateralValue": 0.0000,
            "debtToEquityRatio": 0.0882,
            "sales": 0.00,
            "totalAssets": 19311600.00,
            "totalLiabilities": 1565410.00,
            "netProfit": -17195027.00
        },
        {
            "orderbookId": "516541",
            "type": "STOCK",
            "name": "Sprint Bioscience",
            "shortName": "SPRINT",
            "currency": "SEK",
            "countryCode": "SE",
            "marketPlaceCode": "FNSE",
            "directYield": 0.0000,
            "priceEarningsRatio": -1.52,
            "lastPrice": 0.441,
            "highestPrice": 0.476,
            "lowestPrice": 0.423,
            "buyPrice": 0.429,
            "sellPrice": 0.455,
            "totalValueTraded": 85222.221,
            "totalVolumeTraded": 190510,
            "lastPriceUpdated": 1748429985000,
            "oneDayChangePercent": -0.0134,
            "oneWeekChangePercent": 0.0401,
            "startOfYearChangePercent": -0.7212,
            "oneYearChangePercent": -0.6644,
            "oneMonthChangePercent": -0.3318,
            "threeMonthsChangePercent": -0.6903,
            "sixMonthsChangePercent": -0.7480,
            "threeYearsChangePercent": -0.8775,
            "fiveYearsChangePercent": -0.9351,
            "tenYearsChangePercent": -0.9833,
            "infinityChangePercent": -0.9724,
            "numberOfOwners": 1816,
            "hasPosition": false,
            "hasAnalysis": false,
            "nextCompanyReport": "2025-08-27",
            "shortSellingRatio": 0.0000,
            "pricePerSaleRatio": 0.50,
            "returnOnEquity": -5.5623,
            "priceBookRatio": 8.48,
            "earningsPerShare": -0.30,
            "dividendPerShare": 0.00,
            "equityPerShare": 0.03,
            "dividendRatio": 0.0000,
            "turnoverPerShare": 0.59,
            "marketCapitalization": 46.5324,
            "marketCap": 46532352,
            "beta": 0.52,
            "volatility": 1.0839,
            "sma20": -0.1103,
            "sma50": -0.2694,
            "sma200": -0.6557,
            "smaBetween50and200": -0.5287,
            "rsi14": 34.91271820448878,
            "rsiTrendThreeDays": 0.1034,
            "rsiTrendFiveDays": 0.0651,
            "collateralValue": 0.0000,
            "profitMargin": -0.3263,
            "debtToEquityRatio": 8.3212,
            "sales": 61879000.00,
            "totalAssets": 33836000.00,
            "totalLiabilities": 30206000.00,
            "netProfit": -20191000.00
        },
        {
            "orderbookId": "741280",
            "type": "STOCK",
            "name": "Biovica International B",
            "shortName": "BIOVIC B",
            "currency": "SEK",
            "countryCode": "SE",
            "marketPlaceCode": "FNSE",
            "directYield": 0.0000,
            "priceEarningsRatio": -0.69,
            "lastPrice": 0.750,
            "highestPrice": 0.764,
            "lowestPrice": 0.714,
            "buyPrice": 0.716,
            "sellPrice": 0.756,
            "totalValueTraded": 85669.982,
            "totalVolumeTraded": 117274,
            "lastPriceUpdated": 1748429984000,
            "oneDayChangePercent": 0.0000,
            "oneWeekChangePercent": -0.2252,
            "startOfYearChangePercent": -0.6250,
            "oneYearChangePercent": -0.5833,
            "oneMonthChangePercent": 0.0745,
            "threeMonthsChangePercent": -0.5833,
            "sixMonthsChangePercent": -0.6809,
            "threeYearsChangePercent": -0.9801,
            "fiveYearsChangePercent": -0.9710,
            "infinityChangePercent": -0.9372,
            "numberOfOwners": 3051,
            "hasPosition": false,
            "hasAnalysis": false,
            "nextCompanyReport": "2025-06-18",
            "shortSellingRatio": 0.0058,
            "evEbitRatio": -0.28,
            "netDebtEbitdaRatio": 0.44,
            "pricePerSaleRatio": 8.97,
            "returnOnEquity": -1.6506,
            "priceBookRatio": 1.14,
            "earningsPerShare": -1.17,
            "dividendPerShare": 0.00,
            "equityPerShare": 0.66,
            "dividendRatio": 0.0000,
            "turnoverPerShare": 0.08,
            "marketCapitalization": 73.3398,
            "marketCap": 73339788,
            "beta": 0.57,
            "volatility": 1.4095,
            "sma20": -0.0893,
            "sma50": -0.1203,
            "sma200": -0.5989,
            "smaBetween50and200": -0.5440,
            "rsi14": 42.08037825059101,
            "rsiTrendThreeDays": -0.1053,
            "rsiTrendFiveDays": -0.2356,
            "collateralValue": 0.0000,
            "profitMargin": -13.0073,
            "debtToEquityRatio": 0.3483,
            "sales": 8180000.00,
            "totalAssets": 86910000.00,
            "totalLiabilities": 22450000.00,
            "netProfit": -106400000.00
        },
        {
            "orderbookId": "605176",
            "type": "STOCK",
            "name": "Nanologica",
            "shortName": "NICA",
            "currency": "SEK",
            "countryCode": "SE",
            "marketPlaceCode": "XSTO",
            "directYield": 0.0000,
            "priceEarningsRatio": -1.65,
            "lastPrice": 1.100,
            "highestPrice": 1.150,
            "lowestPrice": 1.100,
            "buyPrice": 1.075,
            "sellPrice": 1.100,
            "totalValueTraded": 101857.595,
            "totalVolumeTraded": 90706,
            "lastPriceUpdated": 1748429992000,
            "oneDayChangePercent": -0.0090,
            "oneWeekChangePercent": -0.0984,
            "startOfYearChangePercent": -0.3956,
            "oneYearChangePercent": -0.8136,
            "oneMonthChangePercent": 0.0476,
            "threeMonthsChangePercent": -0.4195,
            "sixMonthsChangePercent": -0.3696,
            "threeYearsChangePercent": -0.9299,
            "fiveYearsChangePercent": -0.9154,
            "infinityChangePercent": -0.9498,
            "numberOfOwners": 2249,
            "hasPosition": false,
            "hasAnalysis": false,
            "nextCompanyReport": "2025-07-10",
            "shortSellingRatio": 0.0000,
            "evEbitRatio": -1.43,
            "netDebtEbitdaRatio": 0.56,
            "pricePerSaleRatio": 4.80,
            "returnOnEquity": -0.9232,
            "priceBookRatio": 1.52,
            "earningsPerShare": -0.98,
            "dividendPerShare": 0.00,
            "equityPerShare": 0.72,
            "dividendRatio": 0.0000,
            "turnoverPerShare": 0.23,
            "marketCapitalization": 97.2068,
            "marketCap": 97206802,
            "beta": 0.62,
            "volatility": 1.0590,
            "sma20": -0.0826,
            "sma50": -0.0855,
            "sma200": -0.4694,
            "smaBetween50and200": -0.4198,
            "rsi14": 44.61538461538462,
            "rsiTrendThreeDays": -0.0589,
            "rsiTrendFiveDays": 0.0295,
            "collateralValue": 0.0000,
            "profitMargin": -2.9151,
            "debtToEquityRatio": 0.9564,
            "sales": 20250000.00,
            "totalAssets": 125090000.00,
            "totalLiabilities": 61150000.00,
            "netProfit": -59030000.00
        },
        {
            "orderbookId": "28567",
            "type": "STOCK",
            "name": "Orexo",
            "shortName": "ORX",
            "currency": "SEK",
            "countryCode": "SE",
            "marketPlaceCode": "XSTO",
            "directYield": 0.0000,
            "priceEarningsRatio": -2.42,
            "lastPrice": 14.72,
            "highestPrice": 15.80,
            "lowestPrice": 14.64,
            "buyPrice": 14.82,
            "sellPrice": 15.10,
            "totalValueTraded": 102927.66,
            "totalVolumeTraded": 6830,
            "lastPriceUpdated": 1748429982000,
            "oneDayChangePercent": -0.0552,
            "oneWeekChangePercent": 0.0484,
            "startOfYearChangePercent": -0.1589,
            "oneYearChangePercent": -0.2490,
            "oneMonthChangePercent": 0.0366,
            "threeMonthsChangePercent": -0.1002,
            "sixMonthsChangePercent": 0.1757,
            "threeYearsChangePercent": -0.3614,
            "fiveYearsChangePercent": -0.8115,
            "tenYearsChangePercent": -0.8400,
            "infinityChangePercent": -0.8364,
            "numberOfOwners": 3503,
            "hasPosition": false,
            "hasAnalysis": false,
            "nextCompanyReport": "2025-07-16",
            "shortSellingRatio": 0.0127,
            "evEbitRatio": -6.20,
            "netDebtEbitdaRatio": 9.33,
            "pricePerSaleRatio": 0.85,
            "returnOnEquity": 1.3013,
            "priceBookRatio": -3.15,
            "earningsPerShare": -6.08,
            "dividendPerShare": 0.00,
            "equityPerShare": -4.65,
            "dividendRatio": 0.0000,
            "turnoverPerShare": 17.20,
            "marketCapitalization": 510.9406,
            "marketCap": 510940606,
            "beta": 0.54,
            "volatility": 0.4141,
            "sma20": 0.0499,
            "sma50": 0.0657,
            "sma200": 0.0290,
            "smaBetween50and200": -0.0344,
            "rsi14": 57.923497267759565,
            "rsiTrendThreeDays": 0.0104,
            "rsiTrendFiveDays": 0.1991,
            "collateralValue": 0.0000,
            "profitMargin": -0.3516,
            "debtToEquityRatio": -4.2796,
            "sales": 597000000.00,
            "totalAssets": 529000000.00,
            "totalLiabilities": 690300000.00,
            "netProfit": -209900000.00
        },
        {
            "orderbookId": "746876",
            "type": "STOCK",
            "name": "AcuCort",
            "shortName": "ACUC",
            "currency": "SEK",
            "countryCode": "SE",
            "marketPlaceCode": "XSAT",
            "directYield": 0.0000,
            "priceEarningsRatio": -9.91,
            "lastPrice": 0.890,
            "highestPrice": 0.920,
            "lowestPrice": 0.886,
            "buyPrice": 0.891,
            "sellPrice": 0.907,
            "totalValueTraded": 105737.653,
            "totalVolumeTraded": 117247,
            "lastPriceUpdated": 1748429700000,
            "oneDayChangePercent": -0.0198,
            "oneWeekChangePercent": -0.0316,
            "startOfYearChangePercent": 0.1741,
            "oneYearChangePercent": 0.1125,
            "oneMonthChangePercent": 0.2880,
            "threeMonthsChangePercent": 0.1266,
            "sixMonthsChangePercent": -0.0198,
            "threeYearsChangePercent": -0.6130,
            "fiveYearsChangePercent": -0.6931,
            "infinityChangePercent": -0.8146,
            "numberOfOwners": 1914,
            "hasPosition": false,
            "hasAnalysis": false,
            "nextCompanyReport": "2025-08-19",
            "shortSellingRatio": 0.0000,
            "evEbitRatio": -8.00,
            "netDebtEbitdaRatio": 2.10,
            "pricePerSaleRatio": 295.94,
            "returnOnEquity": -0.2612,
            "priceBookRatio": 2.59,
            "earningsPerShare": -0.20,
            "dividendPerShare": 0.00,
            "equityPerShare": 0.34,
            "dividendRatio": 0.0000,
            "turnoverPerShare": 0.00,
            "marketCapitalization": 201.2379,
            "marketCap": 201237927,
            "beta": 0.31,
            "volatility": 0.5545,
            "sma20": 0.1156,
            "sma50": 0.1768,
            "sma200": 0.0601,
            "smaBetween50and200": -0.0992,
            "rsi14": 74.86910994764398,
            "rsiTrendThreeDays": 0.0288,
            "rsiTrendFiveDays": -0.0733,
            "collateralValue": 0.0000,
            "profitMargin": -29.8529,
            "debtToEquityRatio": 0.0407,
            "sales": 680000.00,
            "totalAssets": 80870000.00,
            "totalLiabilities": 3160000.00,
            "netProfit": -20300000.00
        },
        {
            "orderbookId": "549022",
            "type": "STOCK",
            "name": "Cantargia",
            "shortName": "CANTA",
            "currency": "SEK",
            "countryCode": "SE",
            "marketPlaceCode": "XSTO",
            "directYield": 0.0000,
            "priceEarningsRatio": -2.14,
            "lastPrice": 1.474,
            "highestPrice": 1.514,
            "lowestPrice": 1.474,
            "buyPrice": 1.476,
            "sellPrice": 1.490,
            "totalValueTraded": 106963.638,
            "totalVolumeTraded": 71866,
            "lastPriceUpdated": 1748429972000,
            "oneDayChangePercent": -0.0107,
            "oneWeekChangePercent": -0.0539,
            "startOfYearChangePercent": -0.1278,
            "oneYearChangePercent": -0.5953,
            "oneMonthChangePercent": -0.0946,
            "threeMonthsChangePercent": -0.1509,
            "sixMonthsChangePercent": -0.1901,
            "threeYearsChangePercent": -0.9104,
            "fiveYearsChangePercent": -0.9308,
            "tenYearsChangePercent": -0.8684,
            "infinityChangePercent": -0.8362,
            "numberOfOwners": 10630,
            "hasPosition": false,
            "hasAnalysis": false,
            "nextCompanyReport": "2025-08-21",
            "shortSellingRatio": 0.0000,
            "evEbitRatio": -1.53,
            "netDebtEbitdaRatio": 0.60,
            "returnOnEquity": -2.4589,
            "priceBookRatio": 5.25,
            "earningsPerShare": -0.87,
            "dividendPerShare": 0.00,
            "equityPerShare": 0.28,
            "dividendRatio": 0.0000,
            "turnoverPerShare": 0.00,
            "marketCapitalization": 366.4536,
            "marketCap": 366453579,
            "beta": 0.91,
            "volatility": 0.4968,
            "sma20": -0.0544,
            "sma50": -0.0132,
            "sma200": -0.3393,
            "smaBetween50and200": -0.3305,
            "rsi14": 39.20704845814977,
            "rsiTrendThreeDays": -0.0250,
            "rsiTrendFiveDays": -0.0040,
            "collateralValue": 0.0000,
            "debtToEquityRatio": 0.6975,
            "sales": 0.00,
            "totalAssets": 118470000.00,
            "totalLiabilities": 48680000.00,
            "netProfit": -171610000.00
        },
        {
            "orderbookId": "611717",
            "type": "STOCK",
            "name": "Alzinova",
            "shortName": "ALZ",
            "currency": "SEK",
            "countryCode": "SE",
            "marketPlaceCode": "FNSE",
            "directYield": 0.0000,
            "priceEarningsRatio": -7.38,
            "lastPrice": 1.764,
            "highestPrice": 1.766,
            "lowestPrice": 1.724,
            "buyPrice": 1.740,
            "sellPrice": 1.764,
            "totalValueTraded": 111105.989,
            "totalVolumeTraded": 63600,
            "lastPriceUpdated": 1748429974000,
            "oneDayChangePercent": 0.0046,
            "oneWeekChangePercent": -0.0123,
            "startOfYearChangePercent": -0.4902,
            "oneYearChangePercent": -0.0716,
            "oneMonthChangePercent": -0.0627,
            "threeMonthsChangePercent": -0.4273,
            "sixMonthsChangePercent": -0.5382,
            "threeYearsChangePercent": -0.3789,
            "fiveYearsChangePercent": -0.8133,
            "infinityChangePercent": -0.8674,
            "numberOfOwners": 3374,
            "hasPosition": false,
            "hasAnalysis": false,
            "nextCompanyReport": "2025-08-21",
            "shortSellingRatio": 0.0000,
            "evEbitRatio": -7.22,
            "netDebtEbitdaRatio": 0.17,
            "pricePerSaleRatio": -5242.93,
            "returnOnEquity": -0.1805,
            "priceBookRatio": 1.33,
            "earningsPerShare": -0.26,
            "dividendPerShare": 0.00,
            "equityPerShare": 1.13,
            "dividendRatio": 0.0000,
            "turnoverPerShare": 0.00,
            "marketCapitalization": 184.0268,
            "marketCap": 184026809,
            "beta": 0.82,
            "volatility": 0.4958,
            "sma20": -0.0687,
            "sma50": -0.1514,
            "sma200": -0.4367,
            "smaBetween50and200": -0.3362,
            "rsi14": 26.90909090909092,
            "rsiTrendThreeDays": -0.0711,
            "rsiTrendFiveDays": -0.1466,
            "collateralValue": 0.0000,
            "profitMargin": 710.6667,
            "debtToEquityRatio": 0.0813,
            "sales": -30000.00,
            "totalAssets": 127690000.00,
            "totalLiabilities": 9600000.00,
            "netProfit": -21320000.00
        },
        {
            "orderbookId": "827966",
            "type": "STOCK",
            "name": "Coegin Pharma",
            "shortName": "COEGIN",
            "currency": "SEK",
            "countryCode": "SE",
            "marketPlaceCode": "NSME",
            "directYield": 0.0000,
            "priceEarningsRatio": -3.77,
            "lastPrice": 3.46,
            "highestPrice": 3.64,
            "lowestPrice": 3.40,
            "buyPrice": 3.46,
            "sellPrice": 3.60,
            "totalValueTraded": 127376.48,
            "totalVolumeTraded": 36621,
            "lastPriceUpdated": 1748429970000,
            "oneDayChangePercent": -0.0521,
            "oneWeekChangePercent": -0.0521,
            "startOfYearChangePercent": -0.1013,
            "oneYearChangePercent": -0.2881,
            "oneMonthChangePercent": -0.2294,
            "threeMonthsChangePercent": -0.1643,
            "sixMonthsChangePercent": -0.1218,
            "threeYearsChangePercent": -0.8648,
            "fiveYearsChangePercent": -0.3821,
            "infinityChangePercent": -0.9912,
            "numberOfOwners": 6900,
            "hasPosition": false,
            "hasAnalysis": false,
            "nextCompanyReport": "2025-08-21",
            "returnOnEquity": -1.1638,
            "priceBookRatio": 4.39,
            "earningsPerShare": -0.88,
            "dividendPerShare": 0.00,
            "equityPerShare": 0.79,
            "dividendRatio": 0.0000,
            "turnoverPerShare": 0.00,
            "marketCapitalization": 86.0762,
            "marketCap": 86076164,
            "volatility": 0.7719,
            "sma20": -0.0441,
            "sma50": -0.1286,
            "sma200": -0.1929,
            "smaBetween50and200": -0.0738,
            "rsi14": 43.127962085308056,
            "rsiTrendThreeDays": -0.0291,
            "rsiTrendFiveDays": 0.0676,
            "collateralValue": 0.0000,
            "debtToEquityRatio": 0.1155,
            "sales": 0.00,
            "totalAssets": 21882000.00,
            "totalLiabilities": 2265000.00,
            "netProfit": -22831000.00
        },
        {
            "orderbookId": "5380",
            "type": "STOCK",
            "name": "Medivir",
            "shortName": "MVIR",
            "currency": "SEK",
            "countryCode": "SE",
            "marketPlaceCode": "XSTO",
            "directYield": 0.0000,
            "priceEarningsRatio": -1.80,
            "lastPrice": 1.778,
            "highestPrice": 1.784,
            "lowestPrice": 1.722,
            "buyPrice": 1.750,
            "sellPrice": 1.776,
            "totalValueTraded": 132873.026,
            "totalVolumeTraded": 75809,
            "lastPriceUpdated": 1748429992000,
            "oneDayChangePercent": 0.0160,
            "oneWeekChangePercent": 0.0034,
            "startOfYearChangePercent": -0.3739,
            "oneYearChangePercent": -0.3366,
            "oneMonthChangePercent": 0.0672,
            "threeMonthsChangePercent": -0.0691,
            "sixMonthsChangePercent": -0.3558,
            "threeYearsChangePercent": -0.7749,
            "fiveYearsChangePercent": -0.8830,
            "tenYearsChangePercent": -0.9783,
            "infinityChangePercent": -0.9657,
            "numberOfOwners": 3697,
            "hasPosition": false,
            "hasAnalysis": false,
            "nextCompanyReport": "2025-08-21",
            "shortSellingRatio": 0.0000,
            "evEbitRatio": -1.45,
            "netDebtEbitdaRatio": 0.32,
            "pricePerSaleRatio": 55.40,
            "returnOnEquity": -1.0780,
            "priceBookRatio": 1.94,
            "earningsPerShare": -0.97,
            "dividendPerShare": 0.00,
            "equityPerShare": 0.90,
            "dividendRatio": 0.0000,
            "turnoverPerShare": 0.03,
            "marketCapitalization": 203.7907,
            "marketCap": 203790747,
            "beta": 0.46,
            "volatility": 1.1496,
            "sma20": 0.0130,
            "sma50": 0.1193,
            "sma200": -0.2875,
            "smaBetween50and200": -0.3634,
            "rsi14": 59.41558441558441,
            "rsiTrendThreeDays": 0.0578,
            "rsiTrendFiveDays": -0.0351,
            "collateralValue": 0.0000,
            "profitMargin": -30.7222,
            "debtToEquityRatio": 0.4035,
            "sales": 3600000.00,
            "totalAssets": 144000000.00,
            "totalLiabilities": 41400000.00,
            "netProfit": -110600000.00
        },
        {
            "orderbookId": "831797",
            "type": "STOCK",
            "name": "Attana",
            "shortName": "ATANA",
            "currency": "SEK",
            "countryCode": "SE",
            "marketPlaceCode": "NSME",
            "directYield": 0.0000,
            "priceEarningsRatio": -3.19,
            "lastPrice": 0.0280,
            "highestPrice": 0.0280,
            "lowestPrice": 0.0260,
            "buyPrice": 0.0270,
            "sellPrice": 0.0280,
            "totalValueTraded": 142929.449,
            "totalVolumeTraded": 5188682,
            "lastPriceUpdated": 1748429982000,
            "oneDayChangePercent": 0.0370,
            "oneWeekChangePercent": -0.0345,
            "startOfYearChangePercent": 3.6667,
            "oneYearChangePercent": -0.7172,
            "oneMonthChangePercent": 0.3333,
            "threeMonthsChangePercent": 3.0000,
            "sixMonthsChangePercent": 0.1200,
            "threeYearsChangePercent": -0.9661,
            "fiveYearsChangePercent": -0.9650,
            "infinityChangePercent": -0.9271,
            "numberOfOwners": 4907,
            "hasPosition": false,
            "hasAnalysis": false,
            "nextCompanyReport": "2025-08-22",
            "evEbitRatio": -4.23,
            "netDebtEbitdaRatio": -0.60,
            "pricePerSaleRatio": 11.46,
            "returnOnEquity": -0.6838,
            "priceBookRatio": 2.18,
            "earningsPerShare": -0.02,
            "dividendPerShare": 0.00,
            "equityPerShare": 0.01,
            "dividendRatio": 0.0000,
            "turnoverPerShare": 0.00,
            "marketCapitalization": 38.6178,
            "marketCap": 38617795,
            "volatility": 1.6539,
            "sma20": 0.0485,
            "sma50": 0.4967,
            "sma200": -0.0513,
            "smaBetween50and200": -0.3661,
            "rsi14": 55.99999999999999,
            "rsiTrendThreeDays": 0.0044,
            "rsiTrendFiveDays": -0.0114,
            "collateralValue": 0.0000,
            "profitMargin": -3.5935,
            "debtToEquityRatio": 0.3394,
            "sales": 3370000.00,
            "totalAssets": 23720000.00,
            "totalLiabilities": 6010000.00,
            "netProfit": -12110000.00
        },
        {
            "orderbookId": "612775",
            "type": "STOCK",
            "name": "Immunovia",
            "shortName": "IMMNOV",
            "currency": "SEK",
            "countryCode": "SE",
            "marketPlaceCode": "XSTO",
            "directYield": 0.0000,
            "priceEarningsRatio": -0.72,
            "lastPrice": 0.3600,
            "highestPrice": 0.3600,
            "lowestPrice": 0.3505,
            "buyPrice": 0.3595,
            "sellPrice": 0.3600,
            "totalValueTraded": 162251.1565,
            "totalVolumeTraded": 454269,
            "lastPriceUpdated": 1748429998000,
            "oneDayChangePercent": 0.0070,
            "oneWeekChangePercent": 0.0926,
            "startOfYearChangePercent": -0.3407,
            "oneYearChangePercent": -0.7447,
            "oneMonthChangePercent": 0.3139,
            "threeMonthsChangePercent": -0.0840,
            "sixMonthsChangePercent": -0.4146,
            "threeYearsChangePercent": -0.9922,
            "fiveYearsChangePercent": -0.9976,
            "infinityChangePercent": -0.9879,
            "numberOfOwners": 9438,
            "hasPosition": false,
            "hasAnalysis": false,
            "nextCompanyReport": "2025-08-21",
            "shortSellingRatio": 0.0019,
            "pricePerSaleRatio": 103.61,
            "returnOnEquity": -4.4901,
            "priceBookRatio": 3.22,
            "earningsPerShare": -1.10,
            "dividendPerShare": 0.00,
            "equityPerShare": 0.10,
            "dividendRatio": 0.0000,
            "turnoverPerShare": 0.00,
            "marketCapitalization": 110.1899,
            "marketCap": 110189909,
            "beta": 0.61,
            "volatility": 1.1260,
            "sma20": 0.0410,
            "sma50": 0.1481,
            "sma200": -0.3740,
            "smaBetween50and200": -0.4547,
            "rsi14": 55.35353535353536,
            "rsiTrendThreeDays": -0.0482,
            "rsiTrendFiveDays": -0.0341,
            "collateralValue": 0.0000,
            "profitMargin": -144.3736,
            "debtToEquityRatio": 0.4966,
            "sales": 910000.00,
            "totalAssets": 43790000.00,
            "totalLiabilities": 14530000.00,
            "netProfit": -131380000.00
        },
        {
            "orderbookId": "1108920",
            "type": "STOCK",
            "name": "Magnasense",
            "shortName": "MAGNA",
            "currency": "SEK",
            "countryCode": "SE",
            "marketPlaceCode": "FNSE",
            "directYield": 0.0000,
            "priceEarningsRatio": -0.06,
            "lastPrice": 0.0511,
            "highestPrice": 0.0645,
            "lowestPrice": 0.0499,
            "buyPrice": 0.0512,
            "sellPrice": 0.0548,
            "totalValueTraded": 169132.995,
            "totalVolumeTraded": 3199511,
            "lastPriceUpdated": 1748429993000,
            "oneDayChangePercent": -0.1824,
            "oneWeekChangePercent": -0.2803,
            "startOfYearChangePercent": -0.4385,
            "oneYearChangePercent": -0.9147,
            "oneMonthChangePercent": -0.3768,
            "threeMonthsChangePercent": -0.7311,
            "sixMonthsChangePercent": -0.5811,
            "threeYearsChangePercent": -0.9969,
            "infinityChangePercent": -0.9951,
            "numberOfOwners": 13902,
            "hasPosition": false,
            "hasAnalysis": false,
            "nextCompanyReport": "2025-08-29",
            "shortSellingRatio": 0.0012,
            "evEbitRatio": -1.00,
            "netDebtEbitdaRatio": -0.93,
            "returnOnEquity": 1.2926,
            "priceBookRatio": -0.08,
            "earningsPerShare": -1.22,
            "dividendPerShare": 0.00,
            "equityPerShare": -0.03,
            "dividendRatio": 0.0000,
            "turnoverPerShare": 0.00,
            "marketCapitalization": 60.5962,
            "marketCap": 60596208,
            "beta": 1.18,
            "volatility": 5.9548,
            "sma20": -0.2102,
            "sma50": -0.5395,
            "sma200": -0.6307,
            "smaBetween50and200": -0.1981,
            "rsi14": 19.075144508670505,
            "rsiTrendThreeDays": 0.0406,
            "rsiTrendFiveDays": -0.2835,
            "collateralValue": 0.0000,
            "debtToEquityRatio": -1.8437,
            "sales": 0.00,
            "totalAssets": 32610000.00,
            "totalLiabilities": 71260000.00,
            "netProfit": -49960000.00
        },
        {
            "orderbookId": "895245",
            "type": "STOCK",
            "name": "Lumito",
            "shortName": "LUMITO",
            "currency": "SEK",
            "countryCode": "SE",
            "marketPlaceCode": "NSME",
            "directYield": 0.0000,
            "priceEarningsRatio": -2.16,
            "lastPrice": 0.3750,
            "highestPrice": 0.3800,
            "lowestPrice": 0.3660,
            "buyPrice": 0.3600,
            "sellPrice": 0.3750,
            "totalValueTraded": 199089.038,
            "totalVolumeTraded": 540521,
            "lastPriceUpdated": 1748429994000,
            "oneDayChangePercent": -0.0027,
            "oneWeekChangePercent": -0.0335,
            "startOfYearChangePercent": -0.3546,
            "oneYearChangePercent": -0.5382,
            "oneMonthChangePercent": -0.0106,
            "threeMonthsChangePercent": -0.2788,
            "sixMonthsChangePercent": -0.1776,
            "threeYearsChangePercent": -0.6415,
            "fiveYearsChangePercent": -0.9099,
            "infinityChangePercent": -0.8162,
            "numberOfOwners": 5668,
            "hasPosition": false,
            "hasAnalysis": false,
            "nextCompanyReport": "2025-08-22",
            "shortSellingRatio": 0.0000,
            "evEbitRatio": -1.96,
            "netDebtEbitdaRatio": 0.56,
            "pricePerSaleRatio": 1246.40,
            "returnOnEquity": -0.5711,
            "priceBookRatio": 1.23,
            "earningsPerShare": -0.19,
            "dividendPerShare": 0.00,
            "equityPerShare": 0.30,
            "dividendRatio": 0.0000,
            "turnoverPerShare": 0.00,
            "marketCapitalization": 99.7118,
            "marketCap": 99711822,
            "volatility": 1.4531,
            "sma20": -0.0507,
            "sma50": -0.1045,
            "sma200": -0.3557,
            "smaBetween50and200": -0.2805,
            "rsi14": 27.39726027397259,
            "rsiTrendThreeDays": -0.2315,
            "rsiTrendFiveDays": -0.3615,
            "collateralValue": 0.0000,
            "profitMargin": -578.1250,
            "debtToEquityRatio": 0.2376,
            "sales": 80000.00,
            "totalAssets": 100230000.00,
            "totalLiabilities": 19240000.00,
            "netProfit": -46250000.00
        },
        {
            "orderbookId": "603613",
            "type": "STOCK",
            "name": "Hamlet BioPharma B",
            "shortName": "HAMLET B",
            "currency": "SEK",
            "countryCode": "SE",
            "marketPlaceCode": "XSAT",
            "directYield": 0.0000,
            "priceEarningsRatio": -15.79,
            "lastPrice": 4.150,
            "highestPrice": 4.180,
            "lowestPrice": 4.030,
            "buyPrice": 4.055,
            "sellPrice": 4.150,
            "totalValueTraded": 216189.28,
            "totalVolumeTraded": 52550,
            "lastPriceUpdated": 1748429987000,
            "oneDayChangePercent": -0.0024,
            "oneWeekChangePercent": 0.0375,
            "startOfYearChangePercent": 0.1096,
            "oneYearChangePercent": -0.1075,
            "oneMonthChangePercent": -0.0632,
            "threeMonthsChangePercent": -0.0349,
            "sixMonthsChangePercent": 0.3050,
            "threeYearsChangePercent": 0.0627,
            "fiveYearsChangePercent": -0.3986,
            "infinityChangePercent": 0.7811,
            "numberOfOwners": 3576,
            "hasPosition": false,
            "hasAnalysis": false,
            "nextCompanyReport": "2025-08-28",
            "shortSellingRatio": 0.0000,
            "evEbitRatio": -15.20,
            "netDebtEbitdaRatio": 0.52,
            "returnOnEquity": -0.8081,
            "priceBookRatio": 12.76,
            "earningsPerShare": -0.23,
            "dividendPerShare": 0.00,
            "equityPerShare": 0.33,
            "dividendRatio": 0.0000,
            "turnoverPerShare": 0.00,
            "marketCapitalization": 737.3933,
            "marketCap": 737393277,
            "beta": 0.46,
            "volatility": 0.4018,
            "sma20": 0.0280,
            "sma50": 0.0207,
            "sma200": 0.1350,
            "smaBetween50and200": 0.1119,
            "rsi14": 53.53982300884957,
            "rsiTrendThreeDays": 0.1483,
            "rsiTrendFiveDays": 0.1240,
            "collateralValue": 0.0000,
            "debtToEquityRatio": 0.0825,
            "sales": 0.00,
            "totalAssets": 62570000.00,
            "totalLiabilities": 4770000.00,
            "netProfit": -46710000.00
        },
        {
            "orderbookId": "741998",
            "type": "STOCK",
            "name": "Isofol Medical",
            "shortName": "ISOFOL",
            "currency": "SEK",
            "countryCode": "SE",
            "marketPlaceCode": "XSTO",
            "directYield": 0.0000,
            "priceEarningsRatio": -3.70,
            "lastPrice": 1.114,
            "highestPrice": 1.177,
            "lowestPrice": 1.114,
            "buyPrice": 1.125,
            "sellPrice": 1.134,
            "totalValueTraded": 240785.939,
            "totalVolumeTraded": 211793,
            "lastPriceUpdated": 1748429974000,
            "oneDayChangePercent": -0.0313,
            "oneWeekChangePercent": -0.1180,
            "startOfYearChangePercent": -0.4982,
            "oneYearChangePercent": 0.6192,
            "oneMonthChangePercent": -0.4134,
            "threeMonthsChangePercent": -0.3329,
            "sixMonthsChangePercent": -0.6098,
            "threeYearsChangePercent": -0.8781,
            "fiveYearsChangePercent": -0.7922,
            "infinityChangePercent": -0.9587,
            "numberOfOwners": 10039,
            "hasPosition": false,
            "hasAnalysis": false,
            "nextCompanyReport": "2025-08-26",
            "shortSellingRatio": 0.0128,
            "returnOnEquity": -0.7570,
            "priceBookRatio": 2.80,
            "earningsPerShare": -0.30,
            "dividendPerShare": 0.00,
            "equityPerShare": 0.40,
            "dividendRatio": 0.0000,
            "turnoverPerShare": 0.00,
            "marketCapitalization": 179.9282,
            "marketCap": 179928200,
            "beta": 0.43,
            "volatility": 0.7706,
            "sma20": -0.2461,
            "sma50": -0.3296,
            "sma200": -0.5199,
            "smaBetween50and200": -0.2839,
            "rsi14": 17.835051546391753,
            "rsiTrendThreeDays": 0.0463,
            "rsiTrendFiveDays": 0.0059,
            "collateralValue": 0.0000,
            "debtToEquityRatio": 0.3142,
            "sales": 0.00,
            "totalAssets": 84490000.00,
            "totalLiabilities": 20200000.00,
            "netProfit": -48670000.00
        },
        {
            "orderbookId": "1296600",
            "type": "STOCK",
            "name": "XP Chemistries",
            "shortName": "XPC",
            "currency": "SEK",
            "countryCode": "SE",
            "marketPlaceCode": "FNSE",
            "directYield": 0.0000,
            "priceEarningsRatio": -8.31,
            "lastPrice": 0.293,
            "highestPrice": 0.331,
            "lowestPrice": 0.285,
            "buyPrice": 0.295,
            "sellPrice": 0.302,
            "totalValueTraded": 245767.615,
            "totalVolumeTraded": 808126,
            "lastPriceUpdated": 1748429976000,
            "oneDayChangePercent": -0.1175,
            "oneWeekChangePercent": -0.2748,
            "startOfYearChangePercent": 1.9300,
            "oneYearChangePercent": 0.4087,
            "oneMonthChangePercent": -0.0425,
            "threeMonthsChangePercent": 1.9010,
            "sixMonthsChangePercent": 1.5929,
            "threeYearsChangePercent": -0.8550,
            "infinityChangePercent": -0.9264,
            "numberOfOwners": 1032,
            "hasPosition": false,
            "hasAnalysis": false,
            "nextCompanyReport": "2025-08-26",
            "evEbitRatio": -6.00,
            "netDebtEbitdaRatio": 0.40,
            "pricePerSaleRatio": 176.59,
            "returnOnEquity": -0.3062,
            "priceBookRatio": 2.55,
            "earningsPerShare": -0.04,
            "dividendPerShare": 0.00,
            "equityPerShare": 0.12,
            "dividendRatio": 0.0000,
            "turnoverPerShare": 0.00,
            "marketCapitalization": 58.2753,
            "marketCap": 58275337,
            "volatility": 1.7187,
            "sma20": -0.1160,
            "sma50": 0.2267,
            "sma200": 1.2033,
            "smaBetween50and200": 0.7962,
            "rsi14": 37.5,
            "rsiTrendThreeDays": -0.0656,
            "rsiTrendFiveDays": -0.2158,
            "collateralValue": 0.0000,
            "profitMargin": -21.2424,
            "debtToEquityRatio": 0.0612,
            "sales": 330000.00,
            "totalAssets": 24290000.00,
            "totalLiabilities": 1400000.00,
            "netProfit": -7010000.00
        },
        {
            "orderbookId": "730897",
            "type": "STOCK",
            "name": "Oncopeptides",
            "shortName": "ONCO",
            "currency": "SEK",
            "countryCode": "SE",
            "marketPlaceCode": "XSTO",
            "directYield": 0.0000,
            "priceEarningsRatio": -1.35,
            "lastPrice": 1.772,
            "highestPrice": 1.824,
            "lowestPrice": 1.770,
            "buyPrice": 1.770,
            "sellPrice": 1.776,
            "totalValueTraded": 246841.394,
            "totalVolumeTraded": 137742,
            "lastPriceUpdated": 1748429981000,
            "oneDayChangePercent": 0.0080,
            "oneWeekChangePercent": -0.0922,
            "startOfYearChangePercent": 0.1388,
            "oneYearChangePercent": -0.3413,
            "oneMonthChangePercent": -0.0857,
            "threeMonthsChangePercent": 0.0473,
            "sixMonthsChangePercent": 0.0688,
            "threeYearsChangePercent": -0.7880,
            "fiveYearsChangePercent": -0.9866,
            "infinityChangePercent": -0.9588,
            "numberOfOwners": 16085,
            "hasPosition": false,
            "hasAnalysis": false,
            "nextCompanyReport": "2025-08-21",
            "shortSellingRatio": 0.0000,
            "pricePerSaleRatio": 9.39,
            "returnOnEquity": 47.5291,
            "priceBookRatio": -64.10,
            "earningsPerShare": -1.25,
            "dividendPerShare": 0.00,
            "equityPerShare": -0.03,
            "dividendRatio": 0.0000,
            "turnoverPerShare": 0.18,
            "marketCapitalization": 400.0446,
            "marketCap": 400044634,
            "beta": 0.69,
            "volatility": 0.4013,
            "sma20": -0.0870,
            "sma50": -0.0294,
            "sma200": -0.0247,
            "smaBetween50and200": 0.0049,
            "rsi14": 43.06930693069306,
            "rsiTrendThreeDays": -0.1007,
            "rsiTrendFiveDays": -0.0753,
            "collateralValue": 0.0000,
            "profitMargin": -6.9654,
            "debtToEquityRatio": -30.6935,
            "sales": 39850000.00,
            "totalAssets": 173410000.00,
            "totalLiabilities": 179250000.00,
            "netProfit": -277570000.00
        },
        {
            "orderbookId": "745957",
            "type": "STOCK",
            "name": "Annexin Pharmaceuticals",
            "shortName": "ANNX",
            "currency": "SEK",
            "countryCode": "SE",
            "marketPlaceCode": "FNSE",
            "directYield": 0.0000,
            "priceEarningsRatio": -4.34,
            "lastPrice": 37.000,
            "highestPrice": 39.000,
            "lowestPrice": 33.000,
            "buyPrice": 36.700,
            "sellPrice": 37.000,
            "totalValueTraded": 254978.5,
            "totalVolumeTraded": 6931,
            "lastPriceUpdated": 1748429700000,
            "oneDayChangePercent": -0.0080,
            "oneWeekChangePercent": -0.0390,
            "startOfYearChangePercent": -0.1455,
            "oneYearChangePercent": 0.3962,
            "oneMonthChangePercent": 0.3167,
            "threeMonthsChangePercent": 0.0979,
            "sixMonthsChangePercent": -0.2464,
            "threeYearsChangePercent": -0.5132,
            "fiveYearsChangePercent": -0.7218,
            "infinityChangePercent": -0.9621,
            "numberOfOwners": 0,
            "hasPosition": false,
            "hasAnalysis": false,
            "nextCompanyReport": "2025-07-17",
            "shortSellingRatio": 0.0000,
            "evEbitRatio": -431.27,
            "netDebtEbitdaRatio": 0.98,
            "returnOnEquity": -1.0672,
            "priceBookRatio": 4.64,
            "earningsPerShare": -0.11,
            "dividendPerShare": 0.00,
            "equityPerShare": 6.07,
            "dividendRatio": 0.0000,
            "turnoverPerShare": 0.00,
            "marketCapitalization": 261.1866,
            "marketCap": 261186552,
            "beta": 0.46,
            "volatility": 0.9525,
            "sma20": 0.1482,
            "sma50": 0.1789,
            "sma200": -0.1676,
            "smaBetween50and200": -0.2939,
            "rsi14": 70.46413502109704,
            "rsiTrendThreeDays": -0.0096,
            "rsiTrendFiveDays": -0.0674,
            "collateralValue": 0.0000,
            "debtToEquityRatio": 0.1196,
            "sales": 0.00,
            "totalAssets": 48010000.00,
            "totalLiabilities": 5130000.00,
            "netProfit": -45760000.00
        },
        {
            "orderbookId": "488229",
            "type": "STOCK",
            "name": "OptiCept Technologies",
            "shortName": "OPTI",
            "currency": "SEK",
            "countryCode": "SE",
            "marketPlaceCode": "FNSE",
            "directYield": 0.0000,
            "priceEarningsRatio": -4.56,
            "lastPrice": 4.045,
            "highestPrice": 4.055,
            "lowestPrice": 3.890,
            "buyPrice": 3.980,
            "sellPrice": 4.045,
            "totalValueTraded": 259980.46,
            "totalVolumeTraded": 65520,
            "lastPriceUpdated": 1748429972000,
            "oneDayChangePercent": -0.0134,
            "oneWeekChangePercent": -0.0323,
            "startOfYearChangePercent": -0.1845,
            "oneYearChangePercent": 1.0266,
            "oneMonthChangePercent": 0.0744,
            "threeMonthsChangePercent": -0.1207,
            "sixMonthsChangePercent": -0.1902,
            "threeYearsChangePercent": -0.9188,
            "fiveYearsChangePercent": -0.8540,
            "tenYearsChangePercent": -0.6840,
            "infinityChangePercent": -0.2841,
            "numberOfOwners": 6788,
            "hasPosition": false,
            "hasAnalysis": false,
            "nextCompanyReport": "2025-05-29",
            "shortSellingRatio": 0.0010,
            "evEbitRatio": -4.43,
            "netDebtEbitdaRatio": 0.13,
            "pricePerSaleRatio": 14.37,
            "returnOnEquity": -0.1538,
            "priceBookRatio": 0.70,
            "earningsPerShare": -1.15,
            "dividendPerShare": 0.00,
            "equityPerShare": 5.56,
            "dividendRatio": 0.0000,
            "turnoverPerShare": 0.27,
            "marketCapitalization": 263.5102,
            "marketCap": 263510243,
            "beta": 0.61,
            "volatility": 0.5396,
            "sma20": -0.0009,
            "sma50": -0.0324,
            "sma200": -0.1810,
            "smaBetween50and200": -0.1536,
            "rsi14": 38.37638376383764,
            "rsiTrendThreeDays": -0.2441,
            "rsiTrendFiveDays": -0.2505,
            "collateralValue": 0.0000,
            "profitMargin": -3.1539,
            "debtToEquityRatio": 0.0831,
            "sales": 17670000.00,
            "totalAssets": 392330000.00,
            "totalLiabilities": 30090000.00,
            "netProfit": -55730000.00
        },
        {
            "orderbookId": "361935",
            "type": "STOCK",
            "name": "Respiratorius",
            "shortName": "RESP",
            "currency": "SEK",
            "countryCode": "SE",
            "marketPlaceCode": "XSAT",
            "directYield": 0.0000,
            "priceEarningsRatio": -4.03,
            "lastPrice": 6.18,
            "highestPrice": 6.86,
            "lowestPrice": 5.66,
            "buyPrice": 6.12,
            "sellPrice": 6.36,
            "totalValueTraded": 264858.04,
            "totalVolumeTraded": 44052,
            "lastPriceUpdated": 1748429982000,
            "oneDayChangePercent": -0.0222,
            "oneWeekChangePercent": 0.3673,
            "startOfYearChangePercent": -0.0492,
            "oneYearChangePercent": -0.4086,
            "oneMonthChangePercent": -0.0313,
            "threeMonthsChangePercent": -0.1234,
            "sixMonthsChangePercent": 0.2875,
            "threeYearsChangePercent": -0.8744,
            "fiveYearsChangePercent": -0.9313,
            "tenYearsChangePercent": -0.8182,
            "infinityChangePercent": -0.7623,
            "numberOfOwners": 3303,
            "hasPosition": false,
            "hasAnalysis": false,
            "nextCompanyReport": "2025-08-12",
            "shortSellingRatio": 0.0000,
            "evEbitRatio": -3.39,
            "netDebtEbitdaRatio": 1.18,
            "returnOnEquity": -0.2784,
            "priceBookRatio": 1.12,
            "earningsPerShare": -0.77,
            "dividendPerShare": 0.00,
            "equityPerShare": 5.51,
            "dividendRatio": 0.0000,
            "turnoverPerShare": 0.00,
            "marketCapitalization": 31.5090,
            "marketCap": 31509027,
            "beta": 0.05,
            "volatility": 1.3872,
            "sma20": 0.3201,
            "sma50": 0.1509,
            "sma200": 0.0018,
            "smaBetween50and200": -0.1295,
            "rsi14": 72.09302325581396,
            "rsiTrendThreeDays": 0.3071,
            "rsiTrendFiveDays": 0.2019,
            "collateralValue": 0.0000,
            "debtToEquityRatio": 0.0466,
            "sales": 0.00,
            "totalAssets": 29400000.00,
            "totalLiabilities": 1310000.00,
            "netProfit": -7820000.00
        },
        {
            "orderbookId": "707779",
            "type": "STOCK",
            "name": "Alligator Bioscience",
            "shortName": "ATORX",
            "currency": "SEK",
            "countryCode": "SE",
            "marketPlaceCode": "XSTO",
            "directYield": 0.0000,
            "priceEarningsRatio": -0.39,
            "lastPrice": 4.1000,
            "highestPrice": 4.2000,
            "lowestPrice": 4.0205,
            "buyPrice": 4.1005,
            "sellPrice": 4.1390,
            "totalValueTraded": 280084.8225,
            "totalVolumeTraded": 68163,
            "lastPriceUpdated": 1748429976000,
            "oneDayChangePercent": 0.0006,
            "oneWeekChangePercent": 0.0250,
            "startOfYearChangePercent": -0.9835,
            "oneYearChangePercent": -0.9958,
            "oneMonthChangePercent": -0.1245,
            "threeMonthsChangePercent": -0.9620,
            "sixMonthsChangePercent": -0.9924,
            "threeYearsChangePercent": -0.9973,
            "fiveYearsChangePercent": -0.9995,
            "infinityChangePercent": -0.9999,
            "numberOfOwners": 7797,
            "hasPosition": false,
            "hasAnalysis": false,
            "nextCompanyReport": "2025-07-10",
            "shortSellingRatio": 0.0154,
            "evEbitRatio": -0.39,
            "netDebtEbitdaRatio": -0.08,
            "pricePerSaleRatio": 1.36,
            "returnOnEquity": 1.8116,
            "priceBookRatio": -0.70,
            "earningsPerShare": -1.33,
            "dividendPerShare": 0.00,
            "equityPerShare": -2.85,
            "dividendRatio": 0.0000,
            "turnoverPerShare": 1.46,
            "marketCapitalization": 142.6960,
            "marketCap": 142695982,
            "beta": 0.76,
            "volatility": 0.6429,
            "sma20": 0.0234,
            "sma50": -0.2603,
            "sma200": -0.9916,
            "smaBetween50and200": -0.9887,
            "rsi14": 55.00464828013635,
            "rsiTrendThreeDays": 0.1554,
            "rsiTrendFiveDays": 0.0455,
            "collateralValue": 0.0000,
            "profitMargin": -3.5340,
            "debtToEquityRatio": -1.6944,
            "sales": 50790000.00,
            "totalAssets": 68800000.00,
            "totalLiabilities": 167880000.00,
            "netProfit": -179490000.00
        },
        {
            "orderbookId": "645576",
            "type": "STOCK",
            "name": "Infant Bacterial Therapeutics B",
            "shortName": "IBT B",
            "currency": "SEK",
            "countryCode": "SE",
            "marketPlaceCode": "XSTO",
            "directYield": 0.0000,
            "priceEarningsRatio": -6.07,
            "lastPrice": 56.7,
            "highestPrice": 59.4,
            "lowestPrice": 56.7,
            "buyPrice": 56.9,
            "sellPrice": 58.9,
            "totalValueTraded": 332351.2,
            "totalVolumeTraded": 5764,
            "lastPriceUpdated": 1748429998000,
            "oneDayChangePercent": -0.0438,
            "oneWeekChangePercent": -0.0690,
            "startOfYearChangePercent": 0.0578,
            "oneYearChangePercent": -0.3864,
            "oneMonthChangePercent": 0.0658,
            "threeMonthsChangePercent": 0.4354,
            "sixMonthsChangePercent": 0.4766,
            "threeYearsChangePercent": -0.1783,
            "fiveYearsChangePercent": -0.4701,
            "infinityChangePercent": -0.4676,
            "numberOfOwners": 2933,
            "hasPosition": false,
            "hasAnalysis": false,
            "nextCompanyReport": "2025-08-20",
            "shortSellingRatio": 0.0000,
            "evEbitRatio": -4.30,
            "netDebtEbitdaRatio": 1.45,
            "returnOnEquity": -0.8196,
            "priceBookRatio": 4.98,
            "earningsPerShare": -9.34,
            "dividendPerShare": 0.00,
            "equityPerShare": 11.40,
            "dividendRatio": 0.0000,
            "turnoverPerShare": 0.00,
            "marketCapitalization": 763.8295,
            "marketCap": 763829514,
            "beta": 0.15,
            "volatility": 0.6597,
            "sma20": 0.0031,
            "sma50": 0.1828,
            "sma200": 0.2163,
            "smaBetween50and200": 0.0284,
            "rsi14": 43.24324324324324,
            "rsiTrendThreeDays": -0.0826,
            "rsiTrendFiveDays": -0.0914,
            "collateralValue": 0.0000,
            "debtToEquityRatio": 0.3544,
            "sales": 0.00,
            "totalAssets": 207920000.00,
            "totalLiabilities": 54400000.00,
            "netProfit": -125830000.00
        },
        {
            "orderbookId": "789456",
            "type": "STOCK",
            "name": "Xspray Pharma",
            "shortName": "XSPRAY",
            "currency": "SEK",
            "countryCode": "SE",
            "marketPlaceCode": "XSTO",
            "directYield": 0.0000,
            "priceEarningsRatio": -4.43,
            "lastPrice": 31.05,
            "highestPrice": 32.40,
            "lowestPrice": 30.95,
            "buyPrice": 31.20,
            "sellPrice": 31.80,
            "totalValueTraded": 354345.6,
            "totalVolumeTraded": 11296,
            "lastPriceUpdated": 1748429978000,
            "oneDayChangePercent": 0.0049,
            "oneWeekChangePercent": 0.0248,
            "startOfYearChangePercent": -0.2509,
            "oneYearChangePercent": -0.5735,
            "oneMonthChangePercent": -0.1129,
            "threeMonthsChangePercent": -0.0236,
            "sixMonthsChangePercent": -0.2598,
            "threeYearsChangePercent": -0.4808,
            "fiveYearsChangePercent": -0.5539,
            "infinityChangePercent": -0.0111,
            "numberOfOwners": 4249,
            "hasPosition": false,
            "hasAnalysis": false,
            "nextCompanyReport": "2025-08-06",
            "shortSellingRatio": 0.0000,
            "evEbitRatio": -4.47,
            "netDebtEbitdaRatio": 0.00,
            "returnOnEquity": -0.4480,
            "priceBookRatio": 1.99,
            "earningsPerShare": -7.59,
            "dividendPerShare": 0.00,
            "equityPerShare": 15.63,
            "dividendRatio": 0.0000,
            "turnoverPerShare": 0.00,
            "marketCapitalization": 1153.1501,
            "marketCap": 1153150146,
            "beta": 0.62,
            "volatility": 0.7483,
            "sma20": -0.0564,
            "sma50": -0.0227,
            "sma200": -0.2378,
            "smaBetween50and200": -0.2201,
            "rsi14": 24.82014388489209,
            "rsiTrendThreeDays": -0.1595,
            "rsiTrendFiveDays": -0.1754,
            "collateralValue": 0.0000,
            "debtToEquityRatio": 0.2709,
            "sales": 0.00,
            "totalAssets": 737710000.00,
            "totalLiabilities": 157250000.00,
            "netProfit": -260070000.00
        },
        {
            "orderbookId": "854157",
            "type": "STOCK",
            "name": "I-tech",
            "shortName": "ITECH",
            "currency": "SEK",
            "countryCode": "SE",
            "marketPlaceCode": "FNSE",
            "directYield": 0.0100,
            "priceEarningsRatio": 26.64,
            "lastPrice": 100.0,
            "highestPrice": 100.5,
            "lowestPrice": 99.0,
            "buyPrice": 99.0,
            "sellPrice": 100.0,
            "totalValueTraded": 377042.9,
            "totalVolumeTraded": 3767,
            "lastPriceUpdated": 1748429975000,
            "oneDayChangePercent": 0.0020,
            "oneWeekChangePercent": 0.0417,
            "startOfYearChangePercent": 0.7241,
            "oneYearChangePercent": 0.9841,
            "oneMonthChangePercent": 0.2500,
            "threeMonthsChangePercent": 0.2048,
            "sixMonthsChangePercent": 1.0408,
            "threeYearsChangePercent": 2.1847,
            "fiveYearsChangePercent": -0.0476,
            "infinityChangePercent": 3.0543,
            "numberOfOwners": 2041,
            "hasPosition": false,
            "hasAnalysis": false,
            "nextCompanyReport": "2025-08-22",
            "shortSellingRatio": 0.0000,
            "evEbitRatio": 19.71,
            "netDebtEbitdaRatio": -2.03,
            "pricePerSaleRatio": 6.01,
            "returnOnEquity": 0.2610,
            "priceBookRatio": 6.95,
            "earningsPerShare": 3.80,
            "dividendPerShare": 1.00,
            "equityPerShare": 14.38,
            "dividendRatio": 0.3030,
            "turnoverPerShare": 16.63,
            "marketCapitalization": 1190.8457,
            "marketCap": 1190845700,
            "beta": 0.40,
            "volatility": 0.5129,
            "sma20": 0.0517,
            "sma50": 0.1432,
            "sma200": 0.5707,
            "smaBetween50and200": 0.3739,
            "rsi14": 61.94968553459119,
            "rsiTrendThreeDays": 0.0039,
            "rsiTrendFiveDays": -0.1123,
            "collateralValue": 0.3000,
            "dividendsPerYear": 2,
            "nextDividend": "2025-05-16",
            "profitMargin": 0.2257,
            "debtToEquityRatio": 0.1311,
            "sales": 198060000.00,
            "totalAssets": 193710000.00,
            "totalLiabilities": 22450000.00,
            "netProfit": 44700000.00
        },
        {
            "orderbookId": "449644",
            "type": "STOCK",
            "name": "EQL Pharma",
            "shortName": "EQL",
            "currency": "SEK",
            "countryCode": "SE",
            "marketPlaceCode": "XSTO",
            "directYield": 0.0000,
            "priceEarningsRatio": 56.68,
            "lastPrice": 84.1,
            "highestPrice": 85.0,
            "lowestPrice": 84.1,
            "buyPrice": 84.1,
            "sellPrice": 84.4,
            "totalValueTraded": 377320.6,
            "totalVolumeTraded": 4470,
            "lastPriceUpdated": 1748429970000,
            "oneDayChangePercent": -0.0164,
            "oneWeekChangePercent": -0.0255,
            "startOfYearChangePercent": 0.0383,
            "oneYearChangePercent": 0.6888,
            "oneMonthChangePercent": 0.0646,
            "threeMonthsChangePercent": 0.0408,
            "sixMonthsChangePercent": 0.2188,
            "threeYearsChangePercent": 1.9717,
            "fiveYearsChangePercent": 3.8195,
            "tenYearsChangePercent": 18.7882,
            "infinityChangePercent": 13.5000,
            "numberOfOwners": 3181,
            "hasPosition": false,
            "hasAnalysis": false,
            "nextCompanyReport": "2025-08-08",
            "pricePerSaleRatio": 6.54,
            "returnOnEquity": 0.1951,
            "priceBookRatio": 11.06,
            "earningsPerShare": 1.48,
            "dividendPerShare": 0.00,
            "equityPerShare": 7.61,
            "dividendRatio": 0.0000,
            "turnoverPerShare": 12.85,
            "marketCapitalization": 2444.2496,
            "marketCap": 2444249601,
            "beta": 0.34,
            "volatility": 0.3698,
            "sma20": 0.0365,
            "sma50": 0.1097,
            "sma200": 0.2030,
            "smaBetween50and200": 0.0841,
            "rsi14": 76.64670658682634,
            "rsiTrendThreeDays": 0.0685,
            "rsiTrendFiveDays": 0.0598,
            "collateralValue": 0.3000,
            "profitMargin": 0.1154,
            "debtToEquityRatio": 2.6593,
            "sales": 373520000.00,
            "totalAssets": 808820000.00,
            "totalLiabilities": 587790000.00,
            "netProfit": 43120000.00
        },
        {
            "orderbookId": "572681",
            "type": "STOCK",
            "name": "Nanexa",
            "shortName": "NANEXA",
            "currency": "SEK",
            "countryCode": "SE",
            "marketPlaceCode": "FNSE",
            "directYield": 0.0000,
            "priceEarningsRatio": -9.90,
            "lastPrice": 1.960,
            "highestPrice": 2.070,
            "lowestPrice": 1.958,
            "buyPrice": 1.930,
            "sellPrice": 1.968,
            "totalValueTraded": 387493.76,
            "totalVolumeTraded": 194321,
            "lastPriceUpdated": 1748429975000,
            "oneDayChangePercent": -0.0071,
            "oneWeekChangePercent": 0.0177,
            "startOfYearChangePercent": -0.0926,
            "oneYearChangePercent": 1.0985,
            "oneMonthChangePercent": 0.3592,
            "threeMonthsChangePercent": 0.3803,
            "sixMonthsChangePercent": 0.2524,
            "threeYearsChangePercent": -0.1850,
            "fiveYearsChangePercent": -0.7793,
            "infinityChangePercent": -0.8210,
            "numberOfOwners": 4840,
            "hasPosition": false,
            "hasAnalysis": false,
            "nextCompanyReport": "2025-08-27",
            "shortSellingRatio": 0.0000,
            "evEbitRatio": -10.04,
            "netDebtEbitdaRatio": -0.12,
            "pricePerSaleRatio": 15.78,
            "returnOnEquity": -0.3296,
            "priceBookRatio": 3.26,
            "earningsPerShare": -0.22,
            "dividendPerShare": 0.00,
            "equityPerShare": 0.60,
            "dividendRatio": 0.0000,
            "turnoverPerShare": 0.12,
            "marketCapitalization": 307.5392,
            "marketCap": 307539184,
            "beta": 0.65,
            "volatility": 1.0675,
            "sma20": 0.0294,
            "sma50": 0.3223,
            "sma200": 0.2183,
            "smaBetween50and200": -0.0787,
            "rsi14": 54.48979591836734,
            "rsiTrendThreeDays": -0.0203,
            "rsiTrendFiveDays": -0.0570,
            "collateralValue": 0.0000,
            "profitMargin": -1.5931,
            "debtToEquityRatio": 0.4023,
            "sales": 19490000.00,
            "totalAssets": 132100000.00,
            "totalLiabilities": 37900000.00,
            "netProfit": -31050000.00
        },
        {
            "orderbookId": "742357",
            "type": "STOCK",
            "name": "Intervacc",
            "shortName": "IVACC",
            "currency": "SEK",
            "countryCode": "SE",
            "marketPlaceCode": "FNSE",
            "directYield": 0.0000,
            "priceEarningsRatio": -5.08,
            "lastPrice": 1.062,
            "highestPrice": 1.098,
            "lowestPrice": 1.034,
            "buyPrice": 1.048,
            "sellPrice": 1.062,
            "totalValueTraded": 400229.598,
            "totalVolumeTraded": 377309,
            "lastPriceUpdated": 1748429978000,
            "oneDayChangePercent": -0.0056,
            "oneWeekChangePercent": -0.0908,
            "startOfYearChangePercent": -0.0923,
            "oneYearChangePercent": -0.7375,
            "oneMonthChangePercent": 0.1074,
            "threeMonthsChangePercent": 0.0515,
            "sixMonthsChangePercent": -0.5819,
            "threeYearsChangePercent": -0.9748,
            "fiveYearsChangePercent": -0.9545,
            "infinityChangePercent": -0.8621,
            "numberOfOwners": 11603,
            "hasPosition": false,
            "hasAnalysis": false,
            "nextCompanyReport": "2025-08-29",
            "shortSellingRatio": 0.0000,
            "evEbitRatio": -2.00,
            "netDebtEbitdaRatio": 3.98,
            "pricePerSaleRatio": 25.91,
            "returnOnEquity": -0.2081,
            "priceBookRatio": 1.06,
            "earningsPerShare": -0.85,
            "dividendPerShare": 0.00,
            "equityPerShare": 1.01,
            "dividendRatio": 0.0000,
            "turnoverPerShare": 0.04,
            "marketCapitalization": 361.9436,
            "marketCap": 361943606,
            "beta": 0.91,
            "volatility": 0.7159,
            "sma20": -0.0666,
            "sma50": 0.0265,
            "sma200": -0.4670,
            "smaBetween50and200": -0.4807,
            "rsi14": 47.385620915032675,
            "rsiTrendThreeDays": 0.0577,
            "rsiTrendFiveDays": -0.1379,
            "collateralValue": 0.0000,
            "profitMargin": -5.1038,
            "debtToEquityRatio": 0.0606,
            "sales": 13970000.00,
            "totalAssets": 363320000.00,
            "totalLiabilities": 20760000.00,
            "netProfit": -71300000.00
        },
        {
            "orderbookId": "603362",
            "type": "STOCK",
            "name": "Klaria Pharma Holding",
            "shortName": "KLAR",
            "currency": "SEK",
            "countryCode": "SE",
            "marketPlaceCode": "FNSE",
            "directYield": 0.0000,
            "priceEarningsRatio": -1.47,
            "lastPrice": 0.430,
            "highestPrice": 0.469,
            "lowestPrice": 0.423,
            "buyPrice": 0.430,
            "sellPrice": 0.431,
            "totalValueTraded": 431739.3,
            "totalVolumeTraded": 986305,
            "lastPriceUpdated": 1748429996000,
            "oneDayChangePercent": -0.0832,
            "oneWeekChangePercent": -0.5190,
            "startOfYearChangePercent": 0.2836,
            "oneYearChangePercent": -0.1887,
            "oneMonthChangePercent": -0.6261,
            "threeMonthsChangePercent": -0.7152,
            "sixMonthsChangePercent": -0.2153,
            "threeYearsChangePercent": -0.8925,
            "fiveYearsChangePercent": -0.8735,
            "infinityChangePercent": -0.9140,
            "numberOfOwners": 3847,
            "hasPosition": false,
            "hasAnalysis": false,
            "nextCompanyReport": "2025-08-28",
            "shortSellingRatio": 0.0017,
            "pricePerSaleRatio": 5.54,
            "returnOnEquity": -24.9893,
            "priceBookRatio": 36.83,
            "earningsPerShare": -0.35,
            "dividendPerShare": 0.00,
            "equityPerShare": 0.01,
            "dividendRatio": 0.0000,
            "turnoverPerShare": 0.08,
            "marketCapitalization": 62.2463,
            "marketCap": 62246272,
            "beta": 0.18,
            "volatility": 1.5463,
            "sma20": -0.4899,
            "sma50": -0.5709,
            "sma200": -0.4225,
            "smaBetween50and200": 0.3458,
            "rsi14": 13.314840499306513,
            "rsiTrendThreeDays": -0.1490,
            "rsiTrendFiveDays": -0.1357,
            "collateralValue": 0.0000,
            "profitMargin": -3.7590,
            "debtToEquityRatio": 31.4609,
            "sales": 11235000.00,
            "totalAssets": 54859000.00,
            "totalLiabilities": 53169000.00,
            "netProfit": -42232000.00
        },
        {
            "orderbookId": "909277",
            "type": "STOCK",
            "name": "AlzeCure Pharma",
            "shortName": "ALZCUR",
            "currency": "SEK",
            "countryCode": "SE",
            "marketPlaceCode": "FNSE",
            "directYield": 0.0000,
            "priceEarningsRatio": -7.32,
            "lastPrice": 2.93,
            "highestPrice": 2.99,
            "lowestPrice": 2.79,
            "buyPrice": 2.98,
            "sellPrice": 2.99,
            "totalValueTraded": 473478.76,
            "totalVolumeTraded": 162388,
            "lastPriceUpdated": 1748429978000,
            "oneDayChangePercent": 0.0502,
            "oneWeekChangePercent": 0.2008,
            "startOfYearChangePercent": 1.5478,
            "oneYearChangePercent": 0.3022,
            "oneMonthChangePercent": 0.2684,
            "threeMonthsChangePercent": 0.5340,
            "sixMonthsChangePercent": 1.8725,
            "threeYearsChangePercent": 0.1490,
            "fiveYearsChangePercent": -0.4673,
            "infinityChangePercent": -0.7336,
            "numberOfOwners": 1946,
            "hasPosition": false,
            "hasAnalysis": false,
            "nextCompanyReport": "2025-08-26",
            "shortSellingRatio": 0.0000,
            "evEbitRatio": -6.54,
            "netDebtEbitdaRatio": 0.57,
            "returnOnEquity": -2.1978,
            "priceBookRatio": 16.09,
            "earningsPerShare": -0.41,
            "dividendPerShare": 0.00,
            "equityPerShare": 0.18,
            "dividendRatio": 0.0000,
            "turnoverPerShare": 0.00,
            "marketCapitalization": 258.7049,
            "marketCap": 258704936,
            "beta": 0.23,
            "volatility": 0.5384,
            "sma20": 0.1116,
            "sma50": 0.1217,
            "sma200": 0.5053,
            "smaBetween50and200": 0.3420,
            "rsi14": 65.11627906976742,
            "rsiTrendThreeDays": 0.1443,
            "rsiTrendFiveDays": 0.1106,
            "collateralValue": 0.0000,
            "debtToEquityRatio": 0.5373,
            "sales": 0.00,
            "totalAssets": 24720000.00,
            "totalLiabilities": 8640000.00,
            "netProfit": -35340000.00
        },
        {
            "orderbookId": "769139",
            "type": "STOCK",
            "name": "NextCell Pharma AB",
            "shortName": "NXTCL",
            "currency": "SEK",
            "countryCode": "SE",
            "marketPlaceCode": "FNSE",
            "directYield": 0.0000,
            "priceEarningsRatio": -1.91,
            "lastPrice": 1.000,
            "highestPrice": 1.060,
            "lowestPrice": 0.996,
            "buyPrice": 0.999,
            "sellPrice": 1.018,
            "totalValueTraded": 481637.174,
            "totalVolumeTraded": 471720,
            "lastPriceUpdated": 1748429979000,
            "oneDayChangePercent": -0.0177,
            "oneWeekChangePercent": -0.0385,
            "startOfYearChangePercent": -0.6479,
            "oneYearChangePercent": -0.4350,
            "oneMonthChangePercent": -0.1071,
            "threeMonthsChangePercent": -0.7326,
            "sixMonthsChangePercent": -0.4286,
            "threeYearsChangePercent": -0.8773,
            "fiveYearsChangePercent": -0.8731,
            "infinityChangePercent": -0.7015,
            "numberOfOwners": 3658,
            "hasPosition": false,
            "hasAnalysis": false,
            "nextCompanyReport": "2025-07-24",
            "shortSellingRatio": 0.0000,
            "evEbitRatio": -1.19,
            "netDebtEbitdaRatio": 0.71,
            "pricePerSaleRatio": 7.19,
            "returnOnEquity": -0.7459,
            "priceBookRatio": 1.42,
            "earningsPerShare": -0.68,
            "dividendPerShare": 0.00,
            "equityPerShare": 0.70,
            "dividendRatio": 0.0000,
            "turnoverPerShare": 0.14,
            "marketCapitalization": 73.0913,
            "marketCap": 73091327,
            "beta": 0.07,
            "volatility": 1.0342,
            "sma20": -0.0503,
            "sma50": -0.4059,
            "sma200": -0.5089,
            "smaBetween50and200": -0.1734,
            "rsi14": 35.42857142857143,
            "rsiTrendThreeDays": -0.0505,
            "rsiTrendFiveDays": -0.0601,
            "collateralValue": 0.0000,
            "profitMargin": -3.7707,
            "debtToEquityRatio": 0.1968,
            "sales": 10160000.00,
            "totalAssets": 61470000.00,
            "totalLiabilities": 10110000.00,
            "netProfit": -38310000.00
        },
        {
            "orderbookId": "262018",
            "type": "STOCK",
            "name": "Moberg Pharma",
            "shortName": "MOB",
            "currency": "SEK",
            "countryCode": "SE",
            "marketPlaceCode": "XSTO",
            "directYield": 0.0000,
            "priceEarningsRatio": -1.78,
            "lastPrice": 9.330,
            "highestPrice": 9.575,
            "lowestPrice": 9.070,
            "buyPrice": 9.305,
            "sellPrice": 9.320,
            "totalValueTraded": 679988.165,
            "totalVolumeTraded": 72743,
            "lastPriceUpdated": 1748429999000,
            "oneDayChangePercent": 0.0086,
            "oneWeekChangePercent": 0.1330,
            "startOfYearChangePercent": -0.0826,
            "oneYearChangePercent": -0.6096,
            "oneMonthChangePercent": 0.1511,
            "threeMonthsChangePercent": 0.0384,
            "sixMonthsChangePercent": -0.4638,
            "threeYearsChangePercent": -0.6113,
            "fiveYearsChangePercent": -0.9430,
            "tenYearsChangePercent": -0.9854,
            "infinityChangePercent": -0.9675,
            "numberOfOwners": 6550,
            "hasPosition": false,
            "hasAnalysis": false,
            "nextCompanyReport": "2025-08-12",
            "shortSellingRatio": 0.0116,
            "pricePerSaleRatio": 34.71,
            "returnOnEquity": -0.3667,
            "priceBookRatio": 0.65,
            "earningsPerShare": -5.43,
            "dividendPerShare": 0.00,
            "equityPerShare": 14.32,
            "dividendRatio": 0.0000,
            "turnoverPerShare": 0.27,
            "marketCapitalization": 446.7190,
            "marketCap": 446719038,
            "beta": 0.44,
            "volatility": 0.5213,
            "sma20": 0.1458,
            "sma50": 0.1750,
            "sma200": -0.2961,
            "smaBetween50and200": -0.4009,
            "rsi14": 75.45582047685834,
            "rsiTrendThreeDays": 0.1609,
            "rsiTrendFiveDays": 0.1410,
            "collateralValue": 0.0000,
            "profitMargin": -19.5330,
            "debtToEquityRatio": 0.0254,
            "sales": 12870000.00,
            "totalAssets": 702870000.00,
            "totalLiabilities": 17390000.00,
            "netProfit": -251390000.00
        },
        {
            "orderbookId": "678757",
            "type": "STOCK",
            "name": "ExpreS2ion Biotech Holding",
            "shortName": "EXPRS2",
            "currency": "SEK",
            "countryCode": "SE",
            "marketPlaceCode": "FNSE",
            "directYield": 0.0000,
            "priceEarningsRatio": -1.76,
            "lastPrice": 23.15,
            "highestPrice": 23.25,
            "lowestPrice": 21.20,
            "buyPrice": 21.40,
            "sellPrice": 23.15,
            "totalValueTraded": 694295.5,
            "totalVolumeTraded": 31918,
            "lastPriceUpdated": 1748429981000,
            "oneDayChangePercent": 0.0065,
            "oneWeekChangePercent": 0.3698,
            "startOfYearChangePercent": 0.1238,
            "oneYearChangePercent": -0.5655,
            "oneMonthChangePercent": 0.1872,
            "threeMonthsChangePercent": -0.1489,
            "sixMonthsChangePercent": 0.2393,
            "threeYearsChangePercent": -0.9611,
            "fiveYearsChangePercent": -0.9694,
            "infinityChangePercent": -0.8976,
            "numberOfOwners": 3403,
            "hasPosition": false,
            "hasAnalysis": false,
            "nextCompanyReport": "2025-08-21",
            "shortSellingRatio": 0.0000,
            "evEbitRatio": -0.06,
            "netDebtEbitdaRatio": 0.89,
            "pricePerSaleRatio": 17.99,
            "returnOnEquity": -0.6840,
            "priceBookRatio": 1.20,
            "earningsPerShare": -15.45,
            "dividendPerShare": 0.00,
            "equityPerShare": 19.25,
            "dividendRatio": 0.0000,
            "turnoverPerShare": 1.29,
            "marketCapitalization": 61.5407,
            "marketCap": 61540710,
            "beta": 0.68,
            "volatility": 1.2551,
            "sma20": 0.1413,
            "sma50": 0.1319,
            "sma200": -0.1605,
            "smaBetween50and200": -0.2583,
            "rsi14": 60.17110266159697,
            "rsiTrendThreeDays": -0.1722,
            "rsiTrendFiveDays": 0.3526,
            "collateralValue": 0.0000,
            "profitMargin": -10.2339,
            "debtToEquityRatio": 0.5751,
            "sales": 3420000.00,
            "totalAssets": 80600000.00,
            "totalLiabilities": 29430000.00,
            "netProfit": -35000000.00
        },
        {
            "orderbookId": "630588",
            "type": "STOCK",
            "name": "Xbrane Biopharma",
            "shortName": "XBRANE",
            "currency": "SEK",
            "countryCode": "SE",
            "marketPlaceCode": "XSTO",
            "directYield": 0.0000,
            "priceEarningsRatio": -2.05,
            "lastPrice": 0.2154,
            "highestPrice": 0.2196,
            "lowestPrice": 0.2110,
            "buyPrice": 0.2150,
            "sellPrice": 0.2194,
            "totalValueTraded": 841154.4978,
            "totalVolumeTraded": 3896501,
            "lastPriceUpdated": 1748429992000,
            "oneDayChangePercent": 0.0228,
            "oneWeekChangePercent": -0.1841,
            "startOfYearChangePercent": 0.3396,
            "oneYearChangePercent": -0.2196,
            "oneMonthChangePercent": 0.1120,
            "threeMonthsChangePercent": 0.3951,
            "sixMonthsChangePercent": 0.2142,
            "threeYearsChangePercent": -0.9974,
            "fiveYearsChangePercent": -0.9952,
            "infinityChangePercent": -0.9939,
            "numberOfOwners": 10929,
            "hasPosition": false,
            "hasAnalysis": false,
            "nextCompanyReport": "2025-08-27",
            "shortSellingRatio": 0.0168,
            "evEbitRatio": -4.33,
            "netDebtEbitdaRatio": -12.52,
            "pricePerSaleRatio": 1.19,
            "returnOnEquity": -0.7428,
            "priceBookRatio": 1.53,
            "earningsPerShare": 0.09,
            "dividendPerShare": 0.00,
            "equityPerShare": 0.14,
            "dividendRatio": 0.0000,
            "turnoverPerShare": 0.18,
            "marketCapitalization": 330.0338,
            "marketCap": 330033790,
            "beta": 0.95,
            "volatility": 1.2757,
            "sma20": -0.0784,
            "sma50": 0.0059,
            "sma200": 0.1498,
            "smaBetween50and200": 0.1430,
            "rsi14": 54.85498108448928,
            "rsiTrendThreeDays": -0.0933,
            "rsiTrendFiveDays": -0.1247,
            "collateralValue": 0.0000,
            "profitMargin": -0.5781,
            "debtToEquityRatio": 2.2198,
            "sales": 277890000.00,
            "totalAssets": 696320000.00,
            "totalLiabilities": 480060000.00,
            "netProfit": -160640000.00
        },
        {
            "orderbookId": "283294",
            "type": "STOCK",
            "name": "Egetis Therapeutics",
            "shortName": "EGTX",
            "currency": "SEK",
            "countryCode": "SE",
            "marketPlaceCode": "XSTO",
            "directYield": 0.0000,
            "priceEarningsRatio": -3.38,
            "lastPrice": 3.115,
            "highestPrice": 3.330,
            "lowestPrice": 3.115,
            "buyPrice": 3.125,
            "sellPrice": 3.150,
            "totalValueTraded": 853600.9,
            "totalVolumeTraded": 268814,
            "lastPriceUpdated": 1748429990000,
            "oneDayChangePercent": -0.0401,
            "oneWeekChangePercent": -0.0356,
            "startOfYearChangePercent": -0.5550,
            "oneYearChangePercent": -0.6052,
            "oneMonthChangePercent": -0.2154,
            "threeMonthsChangePercent": -0.3856,
            "sixMonthsChangePercent": -0.4242,
            "threeYearsChangePercent": -0.2270,
            "fiveYearsChangePercent": -0.4782,
            "tenYearsChangePercent": -0.8979,
            "infinityChangePercent": -0.8168,
            "numberOfOwners": 5138,
            "hasPosition": false,
            "hasAnalysis": false,
            "nextCompanyReport": "2025-08-21",
            "shortSellingRatio": 0.0051,
            "evEbitRatio": -2.90,
            "netDebtEbitdaRatio": 0.57,
            "pricePerSaleRatio": 23.96,
            "returnOnEquity": -0.7651,
            "priceBookRatio": 2.58,
            "earningsPerShare": -1.00,
            "dividendPerShare": 0.00,
            "equityPerShare": 1.12,
            "dividendRatio": 0.0000,
            "turnoverPerShare": 0.12,
            "marketCapitalization": 1209.3618,
            "marketCap": 1209361762,
            "beta": 0.61,
            "volatility": 0.5837,
            "sma20": -0.0627,
            "sma50": -0.1205,
            "sma200": -0.3476,
            "smaBetween50and200": -0.2583,
            "rsi14": 36.59420289855072,
            "rsiTrendThreeDays": 0.1442,
            "rsiTrendFiveDays": 0.0891,
            "collateralValue": 0.0000,
            "profitMargin": -7.0985,
            "debtToEquityRatio": 0.6711,
            "sales": 46700000.00,
            "totalAssets": 724100000.00,
            "totalLiabilities": 290800000.00,
            "netProfit": -331500000.00
        },
        {
            "orderbookId": "51227",
            "type": "STOCK",
            "name": "Genovis",
            "shortName": "GENO",
            "currency": "SEK",
            "countryCode": "SE",
            "marketPlaceCode": "FNSE",
            "directYield": 0.0000,
            "priceEarningsRatio": 74.64,
            "lastPrice": 26.95,
            "highestPrice": 27.25,
            "lowestPrice": 26.20,
            "buyPrice": 26.45,
            "sellPrice": 26.80,
            "totalValueTraded": 877886.15,
            "totalVolumeTraded": 32862,
            "lastPriceUpdated": 1748429993000,
            "oneDayChangePercent": 0.0306,
            "oneWeekChangePercent": 0.1022,
            "startOfYearChangePercent": 0.0911,
            "oneYearChangePercent": -0.2311,
            "oneMonthChangePercent": 0.1517,
            "threeMonthsChangePercent": -0.0375,
            "sixMonthsChangePercent": 0.0631,
            "threeYearsChangePercent": -0.5055,
            "fiveYearsChangePercent": -0.1943,
            "tenYearsChangePercent": 12.4750,
            "infinityChangePercent": -0.2863,
            "numberOfOwners": 4045,
            "hasPosition": false,
            "hasAnalysis": false,
            "nextCompanyReport": "2025-08-12",
            "shortSellingRatio": 0.0020,
            "pricePerSaleRatio": 14.39,
            "returnOnEquity": 0.1016,
            "priceBookRatio": 7.59,
            "earningsPerShare": 0.36,
            "dividendPerShare": 0.00,
            "equityPerShare": 3.55,
            "dividendRatio": 0.0000,
            "turnoverPerShare": 1.87,
            "marketCapitalization": 1764.3010,
            "marketCap": 1764300992,
            "beta": 1.24,
            "volatility": 0.5299,
            "sma20": 0.0689,
            "sma50": 0.1906,
            "sma200": 0.0753,
            "smaBetween50and200": -0.0969,
            "rsi14": 72.34042553191489,
            "rsiTrendThreeDays": 0.1500,
            "rsiTrendFiveDays": 0.1678,
            "collateralValue": 0.3000,
            "profitMargin": 0.1928,
            "debtToEquityRatio": 0.4186,
            "sales": 122602000.00,
            "totalAssets": 329952000.00,
            "totalLiabilities": 97367000.00,
            "netProfit": 23636000.00
        },
        {
            "orderbookId": "2067841",
            "type": "STOCK",
            "name": "Alvotech SDB",
            "shortName": "ALVO SDB",
            "currency": "SEK",
            "countryCode": "SE",
            "marketPlaceCode": "XSTO",
            "priceEarningsRatio": 43.86,
            "lastPrice": 113,
            "highestPrice": 113,
            "lowestPrice": 107,
            "buyPrice": 113,
            "sellPrice": 114,
            "totalValueTraded": 989682,
            "totalVolumeTraded": 9008,
            "lastPriceUpdated": 1748429978000,
            "oneDayChangePercent": 0.0762,
            "oneWeekChangePercent": 0.1958,
            "infinityChangePercent": 0.2913,
            "numberOfOwners": 1985,
            "hasPosition": false,
            "hasAnalysis": false,
            "shortSellingRatio": 0.0031,
            "evEbitRatio": 31.69,
            "pricePerSaleRatio": 5.00,
            "returnOnEquity": -0.2448,
            "priceBookRatio": -10.74,
            "earningsPerShare": 3.21,
            "dividendPerShare": 0.00,
            "equityPerShare": -9.11,
            "dividendRatio": 0.0000,
            "turnoverPerShare": 19.56,
            "marketCapitalization": 37086.4138,
            "marketCap": 37086413788.8375,
            "volatility": 0.6215,
            "collateralValue": 0.0000,
            "profitMargin": 0.1140,
            "debtToEquityRatio": -5.1201,
            "sales": 6354065900.00,
            "totalAssets": 12194603315.00,
            "totalLiabilities": 15154401454.00,
            "netProfit": 724619243.00
        },
        {
            "orderbookId": "732156",
            "type": "STOCK",
            "name": "IRLAB Therapeutics A",
            "shortName": "IRLAB A",
            "currency": "SEK",
            "countryCode": "SE",
            "marketPlaceCode": "XSTO",
            "directYield": 0.0000,
            "priceEarningsRatio": -5.00,
            "lastPrice": 7.53,
            "highestPrice": 7.88,
            "lowestPrice": 7.16,
            "buyPrice": 7.50,
            "sellPrice": 7.60,
            "totalValueTraded": 1021993.59,
            "totalVolumeTraded": 133827,
            "lastPriceUpdated": 1748429988000,
            "oneDayChangePercent": 0.0788,
            "oneWeekChangePercent": 0.0444,
            "startOfYearChangePercent": -0.2995,
            "oneYearChangePercent": -0.5142,
            "oneMonthChangePercent": 0.0651,
            "threeMonthsChangePercent": -0.4807,
            "sixMonthsChangePercent": -0.4252,
            "threeYearsChangePercent": -0.8067,
            "fiveYearsChangePercent": -0.7535,
            "infinityChangePercent": -0.3619,
            "numberOfOwners": 3936,
            "hasPosition": false,
            "hasAnalysis": false,
            "nextCompanyReport": "2025-07-09",
            "evEbitRatio": -5.57,
            "netDebtEbitdaRatio": 0.36,
            "pricePerSaleRatio": 3.95,
            "returnOnEquity": -16.8639,
            "priceBookRatio": 84.36,
            "earningsPerShare": -1.50,
            "dividendPerShare": 0.00,
            "equityPerShare": 0.09,
            "dividendRatio": 0.0000,
            "turnoverPerShare": 1.91,
            "marketCapitalization": 390.5691,
            "marketCap": 390569097,
            "beta": 0.42,
            "volatility": 0.4951,
            "sma20": -0.0235,
            "sma50": -0.0228,
            "sma200": -0.3904,
            "smaBetween50and200": -0.3761,
            "rsi14": 36.170212765957466,
            "rsiTrendThreeDays": -0.1631,
            "rsiTrendFiveDays": -0.2603,
            "collateralValue": 0.0000,
            "profitMargin": -0.7888,
            "debtToEquityRatio": 33.4968,
            "sales": 98990000.00,
            "totalAssets": 159720000.00,
            "totalLiabilities": 155090000.00,
            "netProfit": -78080000.00
        },
        {
            "orderbookId": "941919",
            "type": "STOCK",
            "name": "Ascelia Pharma",
            "shortName": "ACE",
            "currency": "SEK",
            "countryCode": "SE",
            "marketPlaceCode": "XSTO",
            "directYield": 0.0000,
            "priceEarningsRatio": -4.91,
            "lastPrice": 4.295,
            "highestPrice": 4.395,
            "lowestPrice": 4.255,
            "buyPrice": 4.270,
            "sellPrice": 4.390,
            "totalValueTraded": 1074176.6425,
            "totalVolumeTraded": 249353,
            "lastPriceUpdated": 1748429983000,
            "oneDayChangePercent": -0.0172,
            "oneWeekChangePercent": 0.0387,
            "startOfYearChangePercent": 0.4709,
            "oneYearChangePercent": -0.5228,
            "oneMonthChangePercent": 0.3549,
            "threeMonthsChangePercent": 0.2219,
            "sixMonthsChangePercent": 0.4269,
            "threeYearsChangePercent": -0.7988,
            "fiveYearsChangePercent": -0.7874,
            "infinityChangePercent": -0.8273,
            "numberOfOwners": 6878,
            "hasPosition": false,
            "hasAnalysis": false,
            "nextCompanyReport": "2025-08-21",
            "shortSellingRatio": 0.0000,
            "returnOnEquity": -1.4711,
            "priceBookRatio": 7.22,
            "earningsPerShare": -1.33,
            "dividendPerShare": 0.00,
            "equityPerShare": 0.49,
            "dividendRatio": 0.0000,
            "turnoverPerShare": 0.00,
            "marketCapitalization": 502.9988,
            "marketCap": 502998819,
            "beta": 0.69,
            "volatility": 0.5283,
            "sma20": 0.1337,
            "sma50": 0.3252,
            "sma200": 0.5243,
            "smaBetween50and200": 0.1502,
            "rsi14": 76.0,
            "rsiTrendThreeDays": 0.0159,
            "rsiTrendFiveDays": -0.0648,
            "collateralValue": 0.0000,
            "debtToEquityRatio": 1.1269,
            "sales": 0.00,
            "totalAssets": 122980000.00,
            "totalLiabilities": 65160000.00,
            "netProfit": -85060000.00
        },
        {
            "orderbookId": "1054939",
            "type": "STOCK",
            "name": "Stayble Therapeutics",
            "shortName": "STABL",
            "currency": "SEK",
            "countryCode": "SE",
            "marketPlaceCode": "FNSE",
            "directYield": 0.0000,
            "priceEarningsRatio": -2.47,
            "lastPrice": 0.517,
            "highestPrice": 0.567,
            "lowestPrice": 0.4905,
            "buyPrice": 0.501,
            "sellPrice": 0.519,
            "totalValueTraded": 1564244.7175,
            "totalVolumeTraded": 2946502,
            "lastPriceUpdated": 1748429978000,
            "oneDayChangePercent": 0.0660,
            "oneWeekChangePercent": 0.2941,
            "startOfYearChangePercent": 0.0137,
            "oneYearChangePercent": 1.1059,
            "oneMonthChangePercent": 0.1239,
            "threeMonthsChangePercent": 0.5206,
            "sixMonthsChangePercent": -0.1162,
            "threeYearsChangePercent": -0.8856,
            "fiveYearsChangePercent": -0.9678,
            "infinityChangePercent": -0.9464,
            "numberOfOwners": 1931,
            "hasPosition": false,
            "hasAnalysis": false,
            "nextCompanyReport": "2025-08-20",
            "shortSellingRatio": 0.0000,
            "returnOnEquity": -1.4712,
            "priceBookRatio": 3.63,
            "earningsPerShare": -0.26,
            "dividendPerShare": 0.00,
            "equityPerShare": 0.11,
            "dividendRatio": 0.0000,
            "turnoverPerShare": 0.00,
            "marketCapitalization": 33.2740,
            "marketCap": 33274012,
            "beta": 0.36,
            "volatility": 1.0926,
            "sma20": 0.1156,
            "sma50": 0.0166,
            "sma200": -0.1370,
            "smaBetween50and200": -0.1511,
            "rsi14": 53.27754532775453,
            "rsiTrendThreeDays": 0.1803,
            "rsiTrendFiveDays": 0.1279,
            "collateralValue": 0.0000,
            "debtToEquityRatio": 0.2055,
            "sales": 0.00,
            "totalAssets": 8877000.00,
            "totalLiabilities": 1513000.00,
            "netProfit": -10834000.00
        },
        {
            "orderbookId": "405356",
            "type": "STOCK",
            "name": "Guard Therapeutics International",
            "shortName": "GUARD",
            "currency": "SEK",
            "countryCode": "SE",
            "marketPlaceCode": "FNSE",
            "directYield": 0.0000,
            "priceEarningsRatio": -1.88,
            "lastPrice": 17.70,
            "highestPrice": 19.20,
            "lowestPrice": 17.30,
            "buyPrice": 17.75,
            "sellPrice": 17.90,
            "totalValueTraded": 2030704.9,
            "totalVolumeTraded": 114158,
            "lastPriceUpdated": 1748429990000,
            "oneDayChangePercent": 0.0599,
            "oneWeekChangePercent": 0.1722,
            "startOfYearChangePercent": -0.0829,
            "oneYearChangePercent": -0.3897,
            "oneMonthChangePercent": 0.3258,
            "threeMonthsChangePercent": -0.0969,
            "sixMonthsChangePercent": -0.2237,
            "threeYearsChangePercent": -0.6603,
            "fiveYearsChangePercent": -0.6596,
            "tenYearsChangePercent": -0.9984,
            "infinityChangePercent": -0.9981,
            "numberOfOwners": 3231,
            "hasPosition": false,
            "hasAnalysis": false,
            "nextCompanyReport": "2025-08-21",
            "shortSellingRatio": 0.0000,
            "evEbitRatio": -1.75,
            "netDebtEbitdaRatio": 0.14,
            "returnOnEquity": -2.0220,
            "priceBookRatio": 3.80,
            "earningsPerShare": -9.96,
            "dividendPerShare": 0.00,
            "equityPerShare": 2.84,
            "dividendRatio": 0.0000,
            "turnoverPerShare": 0.00,
            "marketCapitalization": 356.9671,
            "marketCap": 356967069,
            "beta": 0.16,
            "volatility": 0.6224,
            "sma20": 0.1335,
            "sma50": 0.1636,
            "sma200": -0.2280,
            "smaBetween50and200": -0.3366,
            "rsi14": 75.531914893617,
            "rsiTrendThreeDays": 0.0358,
            "rsiTrendFiveDays": 0.0259,
            "collateralValue": 0.0000,
            "debtToEquityRatio": 0.2583,
            "sales": 0.00,
            "totalAssets": 72050000.00,
            "totalLiabilities": 14790000.00,
            "netProfit": -115780000.00
        },
        {
            "orderbookId": "1799894",
            "type": "STOCK",
            "name": "Cinclus Pharma",
            "shortName": "CINPHA",
            "currency": "SEK",
            "countryCode": "SE",
            "marketPlaceCode": "XSTO",
            "directYield": 0.0000,
            "priceEarningsRatio": -4.11,
            "lastPrice": 14.56,
            "highestPrice": 15.06,
            "lowestPrice": 14.10,
            "buyPrice": 14.50,
            "sellPrice": 14.68,
            "totalValueTraded": 2038464.46,
            "totalVolumeTraded": 139077,
            "lastPriceUpdated": 1748429997000,
            "oneDayChangePercent": 0.0153,
            "oneWeekChangePercent": 0.3788,
            "startOfYearChangePercent": -0.3190,
            "oneMonthChangePercent": 0.4000,
            "threeMonthsChangePercent": -0.0309,
            "sixMonthsChangePercent": -0.2628,
            "infinityChangePercent": -0.6533,
            "numberOfOwners": 3735,
            "hasPosition": false,
            "hasAnalysis": false,
            "nextCompanyReport": "2025-08-20",
            "shortSellingRatio": 0.0000,
            "evEbitRatio": -0.85,
            "netDebtEbitdaRatio": 2.91,
            "pricePerSaleRatio": 147.95,
            "returnOnEquity": -0.3221,
            "priceBookRatio": 1.32,
            "earningsPerShare": -4.09,
            "dividendPerShare": 0.00,
            "equityPerShare": 10.80,
            "dividendRatio": 0.0000,
            "turnoverPerShare": 0.10,
            "marketCapitalization": 690.0307,
            "marketCap": 690030709,
            "volatility": 1.4686,
            "sma20": 0.2906,
            "sma50": 0.2784,
            "sma200": -0.2835,
            "smaBetween50and200": -0.4395,
            "rsi14": 71.93923145665772,
            "rsiTrendThreeDays": -0.1388,
            "rsiTrendFiveDays": 0.2089,
            "collateralValue": 0.0000,
            "profitMargin": -35.9847,
            "debtToEquityRatio": 0.0856,
            "sales": 4580000.00,
            "totalAssets": 555430000.00,
            "totalLiabilities": 43800000.00,
            "netProfit": -164810000.00
        },
        {
            "orderbookId": "475457",
            "type": "STOCK",
            "name": "Saniona",
            "shortName": "SANION",
            "currency": "SEK",
            "countryCode": "SE",
            "marketPlaceCode": "XSTO",
            "directYield": 0.0000,
            "priceEarningsRatio": 5.03,
            "lastPrice": 8.43,
            "highestPrice": 8.53,
            "lowestPrice": 8.10,
            "buyPrice": 8.42,
            "sellPrice": 8.53,
            "totalValueTraded": 2100774.515,
            "totalVolumeTraded": 251722,
            "lastPriceUpdated": 1748429994000,
            "oneDayChangePercent": 0.0218,
            "oneWeekChangePercent": 0.0048,
            "startOfYearChangePercent": 0.0485,
            "oneYearChangePercent": 3.3231,
            "oneMonthChangePercent": 0.1469,
            "threeMonthsChangePercent": 0.1774,
            "sixMonthsChangePercent": 0.4386,
            "threeYearsChangePercent": 2.0107,
            "fiveYearsChangePercent": -0.6935,
            "tenYearsChangePercent": -0.5928,
            "infinityChangePercent": 0.6369,
            "numberOfOwners": 9723,
            "hasPosition": false,
            "hasAnalysis": false,
            "nextCompanyReport": "2025-05-28",
            "shortSellingRatio": 0.0021,
            "evEbitRatio": 2.95,
            "netDebtEbitdaRatio": -0.94,
            "pricePerSaleRatio": 2.83,
            "returnOnEquity": 0.8140,
            "priceBookRatio": 4.09,
            "earningsPerShare": 1.77,
            "dividendPerShare": 0.00,
            "equityPerShare": 1.70,
            "dividendRatio": 0.0000,
            "turnoverPerShare": 2.46,
            "marketCapitalization": 1147.2251,
            "marketCap": 1147225102,
            "beta": 0.72,
            "volatility": 0.5632,
            "sma20": 0.0084,
            "sma50": 0.1495,
            "sma200": 0.3663,
            "smaBetween50and200": 0.1887,
            "rsi14": 54.16666666666666,
            "rsiTrendThreeDays": -0.0057,
            "rsiTrendFiveDays": -0.1628,
            "collateralValue": 0.0000,
            "profitMargin": 0.5639,
            "debtToEquityRatio": 0.4655,
            "sales": 334670000.00,
            "totalAssets": 339730000.00,
            "totalLiabilities": 107910000.00,
            "netProfit": 188710000.00
        },
        {
            "orderbookId": "5505",
            "type": "STOCK",
            "name": "BioInvent International",
            "shortName": "BINV",
            "currency": "SEK",
            "countryCode": "SE",
            "marketPlaceCode": "XSTO",
            "directYield": 0.0000,
            "priceEarningsRatio": -5.20,
            "lastPrice": 37.00,
            "highestPrice": 37.60,
            "lowestPrice": 35.65,
            "buyPrice": 37.10,
            "sellPrice": 37.60,
            "totalValueTraded": 2433023.95,
            "totalVolumeTraded": 66266,
            "lastPriceUpdated": 1748429973000,
            "oneDayChangePercent": 0.0027,
            "oneWeekChangePercent": 0.1935,
            "startOfYearChangePercent": -0.0390,
            "oneYearChangePercent": 0.0756,
            "oneMonthChangePercent": 0.2628,
            "threeMonthsChangePercent": 0.4567,
            "sixMonthsChangePercent": -0.1572,
            "threeYearsChangePercent": -0.1562,
            "fiveYearsChangePercent": 0.0235,
            "tenYearsChangePercent": -0.3480,
            "infinityChangePercent": -0.9695,
            "numberOfOwners": 5061,
            "hasPosition": false,
            "hasAnalysis": false,
            "nextCompanyReport": "2025-08-26",
            "shortSellingRatio": 0.0035,
            "evEbitRatio": -3.92,
            "netDebtEbitdaRatio": 0.95,
            "pricePerSaleRatio": 40.05,
            "returnOnEquity": -0.6081,
            "priceBookRatio": 3.16,
            "earningsPerShare": -7.12,
            "dividendPerShare": 0.00,
            "equityPerShare": 11.70,
            "dividendRatio": 0.0000,
            "turnoverPerShare": 0.92,
            "marketCapitalization": 2434.7614,
            "marketCap": 2434761394,
            "beta": 0.78,
            "volatility": 0.9470,
            "sma20": 0.1404,
            "sma50": 0.2175,
            "sma200": 0.0233,
            "smaBetween50and200": -0.1595,
            "rsi14": 56.13636363636362,
            "rsiTrendThreeDays": 0.1064,
            "rsiTrendFiveDays": 0.0589,
            "collateralValue": 0.0000,
            "profitMargin": -7.6984,
            "debtToEquityRatio": 0.1209,
            "sales": 60800000.00,
            "totalAssets": 862790000.00,
            "totalLiabilities": 93060000.00,
            "netProfit": -468060000.00
        },
        {
            "orderbookId": "1237847",
            "type": "STOCK",
            "name": "Elicera Therapeutics",
            "shortName": "ELIC",
            "currency": "SEK",
            "countryCode": "SE",
            "marketPlaceCode": "FNSE",
            "directYield": 0.0000,
            "priceEarningsRatio": -16.64,
            "lastPrice": 6.43,
            "highestPrice": 6.44,
            "lowestPrice": 5.90,
            "buyPrice": 6.36,
            "sellPrice": 6.42,
            "totalValueTraded": 2603829.96,
            "totalVolumeTraded": 424058,
            "lastPriceUpdated": 1748429996000,
            "oneDayChangePercent": 0.0174,
            "oneWeekChangePercent": 0.1798,
            "startOfYearChangePercent": 2.8503,
            "oneYearChangePercent": 5.8404,
            "oneMonthChangePercent": 0.4782,
            "threeMonthsChangePercent": 1.7131,
            "sixMonthsChangePercent": 2.7935,
            "threeYearsChangePercent": 0.6217,
            "infinityChangePercent": 0.0371,
            "numberOfOwners": 2672,
            "hasPosition": false,
            "hasAnalysis": false,
            "nextCompanyReport": "2025-08-29",
            "shortSellingRatio": 0.0000,
            "evEbitRatio": -13.60,
            "netDebtEbitdaRatio": 2.39,
            "returnOnEquity": -0.5725,
            "priceBookRatio": 9.53,
            "earningsPerShare": -0.52,
            "dividendPerShare": 0.00,
            "equityPerShare": 0.67,
            "dividendRatio": 0.0000,
            "turnoverPerShare": 0.00,
            "marketCapitalization": 312.0835,
            "marketCap": 312083548,
            "volatility": 1.2847,
            "sma20": 0.2391,
            "sma50": 0.6581,
            "sma200": 1.5387,
            "smaBetween50and200": 0.5311,
            "rsi14": 68.54354354354354,
            "rsiTrendThreeDays": -0.0068,
            "rsiTrendFiveDays": 0.0573,
            "collateralValue": 0.0000,
            "debtToEquityRatio": 0.4162,
            "sales": 0.00,
            "totalAssets": 46380000.00,
            "totalLiabilities": 13630000.00,
            "netProfit": -18750000.00
        },
        {
            "orderbookId": "614837",
            "type": "STOCK",
            "name": "Vicore Pharma Holding",
            "shortName": "VICO",
            "currency": "SEK",
            "countryCode": "SE",
            "marketPlaceCode": "XSTO",
            "directYield": 0.0000,
            "priceEarningsRatio": -6.24,
            "lastPrice": 8.29,
            "highestPrice": 8.59,
            "lowestPrice": 8.24,
            "buyPrice": 8.30,
            "sellPrice": 8.46,
            "totalValueTraded": 2643790.35,
            "totalVolumeTraded": 317679,
            "lastPriceUpdated": 1748429984000,
            "oneDayChangePercent": -0.0315,
            "oneWeekChangePercent": 0.0122,
            "startOfYearChangePercent": -0.0189,
            "oneYearChangePercent": -0.5169,
            "oneMonthChangePercent": 0.1157,
            "threeMonthsChangePercent": 0.0061,
            "sixMonthsChangePercent": 0.0561,
            "threeYearsChangePercent": -0.7356,
            "fiveYearsChangePercent": -0.4361,
            "infinityChangePercent": 0.1676,
            "numberOfOwners": 6977,
            "hasPosition": false,
            "hasAnalysis": false,
            "nextCompanyReport": "2025-08-22",
            "shortSellingRatio": 0.0062,
            "evEbitRatio": -3.98,
            "netDebtEbitdaRatio": 2.40,
            "pricePerSaleRatio": 324.11,
            "returnOnEquity": -0.3057,
            "priceBookRatio": 1.91,
            "earningsPerShare": -1.99,
            "dividendPerShare": 0.00,
            "equityPerShare": 4.35,
            "dividendRatio": 0.0000,
            "turnoverPerShare": 0.03,
            "marketCapitalization": 1944.6609,
            "marketCap": 1944660897,
            "beta": 0.79,
            "volatility": 0.6560,
            "sma20": 0.0512,
            "sma50": 0.1414,
            "sma200": -0.0389,
            "smaBetween50and200": -0.1580,
            "rsi14": 62.5,
            "rsiTrendThreeDays": 0.1873,
            "rsiTrendFiveDays": 0.1396,
            "collateralValue": 0.0000,
            "profitMargin": -51.9817,
            "debtToEquityRatio": 0.0618,
            "sales": 6000000.00,
            "totalAssets": 1083330000.00,
            "totalLiabilities": 63070000.00,
            "netProfit": -311890000.00
        },
        {
            "orderbookId": "695721",
            "type": "STOCK",
            "name": "Flerie",
            "shortName": "FLERIE",
            "currency": "SEK",
            "countryCode": "SE",
            "marketPlaceCode": "XSTO",
            "directYield": 0.0000,
            "priceEarningsRatio": -10.12,
            "lastPrice": 42.70,
            "highestPrice": 43.60,
            "lowestPrice": 42.60,
            "buyPrice": 42.65,
            "sellPrice": 43.05,
            "totalValueTraded": 3154632.875,
            "totalVolumeTraded": 73569,
            "lastPriceUpdated": 1748429976000,
            "oneDayChangePercent": 0.0000,
            "oneWeekChangePercent": -0.0490,
            "startOfYearChangePercent": -0.0905,
            "oneYearChangePercent": -0.1594,
            "oneMonthChangePercent": 0.0519,
            "threeMonthsChangePercent": -0.1004,
            "sixMonthsChangePercent": -0.0989,
            "threeYearsChangePercent": -0.6556,
            "fiveYearsChangePercent": -0.8145,
            "infinityChangePercent": -0.8373,
            "numberOfOwners": 2944,
            "hasPosition": false,
            "hasAnalysis": false,
            "nextCompanyReport": "2025-07-31",
            "shortSellingRatio": 0.0010,
            "evEbitRatio": -8.42,
            "netDebtEbitdaRatio": 2.67,
            "pricePerSaleRatio": 33334.36,
            "returnOnEquity": -0.0835,
            "priceBookRatio": 0.84,
            "earningsPerShare": -3.95,
            "dividendPerShare": 0.00,
            "equityPerShare": 50.56,
            "dividendRatio": 0.0000,
            "turnoverPerShare": 0.00,
            "marketCapitalization": 3333.4355,
            "marketCap": 3333435536,
            "beta": 0.42,
            "volatility": 0.2049,
            "sma20": -0.0047,
            "sma50": -0.0001,
            "sma200": -0.0476,
            "smaBetween50and200": -0.0475,
            "rsi14": 60.46511627906979,
            "rsiTrendThreeDays": -0.1984,
            "rsiTrendFiveDays": -0.3287,
            "collateralValue": 0.0000,
            "profitMargin": -3295.0000,
            "debtToEquityRatio": 0.0027,
            "sales": 100000.00,
            "totalAssets": 3957800000.00,
            "totalLiabilities": 10800000.00,
            "netProfit": -329500000.00
        },
        {
            "orderbookId": "98087",
            "type": "STOCK",
            "name": "Hansa Biopharma",
            "shortName": "HNSA",
            "currency": "SEK",
            "countryCode": "SE",
            "marketPlaceCode": "XSTO",
            "directYield": 0.0000,
            "priceEarningsRatio": -2.53,
            "lastPrice": 23.30,
            "highestPrice": 24.16,
            "lowestPrice": 23.30,
            "buyPrice": 23.34,
            "sellPrice": 23.42,
            "totalValueTraded": 3170397.45,
            "totalVolumeTraded": 134042,
            "lastPriceUpdated": 1748429984000,
            "oneDayChangePercent": -0.0185,
            "oneWeekChangePercent": -0.0372,
            "startOfYearChangePercent": -0.4056,
            "oneYearChangePercent": -0.4163,
            "oneMonthChangePercent": -0.1784,
            "threeMonthsChangePercent": -0.1358,
            "sixMonthsChangePercent": -0.2484,
            "threeYearsChangePercent": -0.6146,
            "fiveYearsChangePercent": -0.8130,
            "tenYearsChangePercent": -0.3737,
            "infinityChangePercent": 1.4070,
            "numberOfOwners": 12477,
            "hasPosition": false,
            "hasAnalysis": false,
            "nextCompanyReport": "2025-07-17",
            "shortSellingRatio": 0.0518,
            "evEbitRatio": -4.22,
            "netDebtEbitdaRatio": -1.45,
            "pricePerSaleRatio": 8.70,
            "returnOnEquity": 1.0024,
            "priceBookRatio": -2.53,
            "earningsPerShare": -9.46,
            "dividendPerShare": 0.00,
            "equityPerShare": -9.20,
            "dividendRatio": 0.0000,
            "turnoverPerShare": 2.68,
            "marketCapitalization": 1580.0718,
            "marketCap": 1580071815,
            "beta": 1.02,
            "volatility": 0.8177,
            "sma20": -0.0617,
            "sma50": -0.0035,
            "sma200": -0.2699,
            "smaBetween50and200": -0.2673,
            "rsi14": 36.11111111111113,
            "rsiTrendThreeDays": 0.2141,
            "rsiTrendFiveDays": -0.0937,
            "collateralValue": 0.0000,
            "profitMargin": -3.4414,
            "debtToEquityRatio": -2.1307,
            "sales": 181680000.00,
            "totalAssets": 705250000.00,
            "totalLiabilities": 1328990000.00,
            "netProfit": -625240000.00
        },
        {
            "orderbookId": "674279",
            "type": "STOCK",
            "name": "SynAct Pharma",
            "shortName": "SYNACT",
            "currency": "SEK",
            "countryCode": "SE",
            "marketPlaceCode": "XSTO",
            "directYield": 0.0000,
            "priceEarningsRatio": -9.04,
            "lastPrice": 15.16,
            "highestPrice": 15.78,
            "lowestPrice": 14.80,
            "buyPrice": 15.08,
            "sellPrice": 15.16,
            "totalValueTraded": 3316681.84,
            "totalVolumeTraded": 217914,
            "lastPriceUpdated": 1748429984000,
            "oneDayChangePercent": -0.0181,
            "oneWeekChangePercent": -0.1761,
            "startOfYearChangePercent": 0.6910,
            "oneYearChangePercent": 1.1519,
            "oneMonthChangePercent": -0.2405,
            "threeMonthsChangePercent": -0.1578,
            "sixMonthsChangePercent": 0.5160,
            "threeYearsChangePercent": -0.7056,
            "fiveYearsChangePercent": 0.2633,
            "infinityChangePercent": 1.9154,
            "numberOfOwners": 13941,
            "hasPosition": false,
            "hasAnalysis": false,
            "nextCompanyReport": "2025-08-20",
            "shortSellingRatio": 0.0053,
            "returnOnEquity": -0.4537,
            "priceBookRatio": 4.10,
            "earningsPerShare": -1.92,
            "dividendPerShare": 0.00,
            "equityPerShare": 3.70,
            "dividendRatio": 0.0000,
            "turnoverPerShare": 0.00,
            "marketCapitalization": 742.9752,
            "marketCap": 742975197,
            "beta": 0.66,
            "volatility": 0.8993,
            "sma20": -0.1912,
            "sma50": -0.1473,
            "sma200": 0.2183,
            "smaBetween50and200": 0.4287,
            "rsi14": 24.58233890214794,
            "rsiTrendThreeDays": 0.0934,
            "rsiTrendFiveDays": -0.2097,
            "collateralValue": 0.0000,
            "debtToEquityRatio": 0.2099,
            "sales": 0.00,
            "totalAssets": 219170000.00,
            "totalLiabilities": 38030000.00,
            "netProfit": -82180000.00
        },
        {
            "orderbookId": "5508",
            "type": "STOCK",
            "name": "Vitrolife",
            "shortName": "VITR",
            "currency": "SEK",
            "countryCode": "SE",
            "marketPlaceCode": "XSTO",
            "directYield": 0.0072,
            "priceEarningsRatio": 41.72,
            "lastPrice": 153.7,
            "highestPrice": 156.0,
            "lowestPrice": 153.5,
            "buyPrice": 154.1,
            "sellPrice": 154.5,
            "totalValueTraded": 4371103.4,
            "totalVolumeTraded": 28369,
            "lastPriceUpdated": 1748429988000,
            "oneDayChangePercent": -0.0141,
            "oneWeekChangePercent": -0.0154,
            "startOfYearChangePercent": -0.2851,
            "oneYearChangePercent": -0.1754,
            "oneMonthChangePercent": 0.0247,
            "threeMonthsChangePercent": -0.1820,
            "sixMonthsChangePercent": -0.3163,
            "threeYearsChangePercent": -0.4455,
            "fiveYearsChangePercent": -0.1578,
            "tenYearsChangePercent": 3.5206,
            "infinityChangePercent": 26.0123,
            "numberOfOwners": 8675,
            "hasPosition": false,
            "hasAnalysis": false,
            "nextCompanyReport": "2025-07-17",
            "shortSellingRatio": 0.0107,
            "evEbitRatio": 28.31,
            "netDebtEbitdaRatio": 0.78,
            "pricePerSaleRatio": 5.77,
            "returnOnEquity": 0.0380,
            "priceBookRatio": 1.59,
            "earningsPerShare": 3.68,
            "dividendPerShare": 1.10,
            "equityPerShare": 96.91,
            "dividendRatio": 0.2902,
            "turnoverPerShare": 26.65,
            "marketCapitalization": 20818.2331,
            "marketCap": 20818233103,
            "beta": 1.45,
            "volatility": 0.4378,
            "sma20": 0.0029,
            "sma50": -0.0145,
            "sma200": -0.2449,
            "smaBetween50and200": -0.2338,
            "rsi14": 56.13207547169814,
            "rsiTrendThreeDays": 0.1275,
            "rsiTrendFiveDays": -0.0077,
            "collateralValue": 0.6000,
            "dividendsPerYear": 1,
            "nextDividend": "2025-04-30",
            "profitMargin": 0.1382,
            "debtToEquityRatio": 0.2671,
            "sales": 3610000000.00,
            "totalAssets": 16632000000.00,
            "totalLiabilities": 3506000000.00,
            "netProfit": 499000000.00
        },
        {
            "orderbookId": "414975",
            "type": "STOCK",
            "name": "Diamyd Medical B",
            "shortName": "DMYD B",
            "currency": "SEK",
            "countryCode": "SE",
            "marketPlaceCode": "FNSE",
            "directYield": 0.0000,
            "priceEarningsRatio": -5.35,
            "lastPrice": 8.78,
            "highestPrice": 9.07,
            "lowestPrice": 8.66,
            "buyPrice": 8.73,
            "sellPrice": 8.87,
            "totalValueTraded": 4558006.8,
            "totalVolumeTraded": 515004,
            "lastPriceUpdated": 1748429998000,
            "oneDayChangePercent": -0.0113,
            "oneWeekChangePercent": -0.0777,
            "startOfYearChangePercent": -0.4659,
            "oneYearChangePercent": -0.2444,
            "oneMonthChangePercent": 0.1114,
            "threeMonthsChangePercent": -0.4443,
            "sixMonthsChangePercent": -0.3108,
            "threeYearsChangePercent": -0.5006,
            "fiveYearsChangePercent": -0.5769,
            "tenYearsChangePercent": -0.0508,
            "infinityChangePercent": 0.9598,
            "numberOfOwners": 13827,
            "hasPosition": false,
            "hasAnalysis": false,
            "nextCompanyReport": "2025-06-25",
            "shortSellingRatio": 0.0020,
            "evEbitRatio": -4.68,
            "netDebtEbitdaRatio": 0.64,
            "pricePerSaleRatio": 4809.97,
            "returnOnEquity": -1.5319,
            "priceBookRatio": 8.19,
            "earningsPerShare": -1.70,
            "dividendPerShare": 0.00,
            "equityPerShare": 0.81,
            "dividendRatio": 0.0000,
            "turnoverPerShare": 0.00,
            "marketCapitalization": 1207.2476,
            "marketCap": 1207247568,
            "beta": 0.96,
            "volatility": 0.5858,
            "sma20": -0.0412,
            "sma50": 0.0328,
            "sma200": -0.3354,
            "smaBetween50and200": -0.3566,
            "rsi14": 43.85245901639346,
            "rsiTrendThreeDays": 0.1219,
            "rsiTrendFiveDays": -0.2040,
            "collateralValue": 0.0000,
            "profitMargin": -899.2105,
            "debtToEquityRatio": 0.6218,
            "sales": 190000.00,
            "totalAssets": 180880000.00,
            "totalLiabilities": 69350000.00,
            "netProfit": -170850000.00
        },
        {
            "orderbookId": "668939",
            "type": "STOCK",
            "name": "Cereno Scientific B",
            "shortName": "CRNO B",
            "currency": "SEK",
            "countryCode": "SE",
            "marketPlaceCode": "FNSE",
            "directYield": 0.0000,
            "priceEarningsRatio": -27.24,
            "lastPrice": 10.55,
            "highestPrice": 10.96,
            "lowestPrice": 10.34,
            "buyPrice": 10.45,
            "sellPrice": 10.50,
            "totalValueTraded": 6649043.61,
            "totalVolumeTraded": 626006,
            "lastPriceUpdated": 1748429977000,
            "oneDayChangePercent": -0.0186,
            "oneWeekChangePercent": -0.0186,
            "startOfYearChangePercent": 0.9182,
            "oneYearChangePercent": 1.4087,
            "oneMonthChangePercent": 0.3188,
            "threeMonthsChangePercent": 0.9720,
            "sixMonthsChangePercent": 1.1176,
            "threeYearsChangePercent": 1.7296,
            "fiveYearsChangePercent": 3.5572,
            "infinityChangePercent": 0.6880,
            "numberOfOwners": 9619,
            "hasPosition": false,
            "hasAnalysis": false,
            "nextCompanyReport": "2025-08-27",
            "shortSellingRatio": 0.0041,
            "pricePerSaleRatio": 184.80,
            "returnOnEquity": -0.6533,
            "priceBookRatio": 17.80,
            "earningsPerShare": -0.16,
            "dividendPerShare": 0.00,
            "equityPerShare": 0.59,
            "dividendRatio": 0.0000,
            "turnoverPerShare": 0.06,
            "marketCapitalization": 2981.0977,
            "marketCap": 2981097749,
            "beta": 0.40,
            "volatility": 0.7079,
            "sma20": 0.1236,
            "sma50": 0.4165,
            "sma200": 0.7690,
            "smaBetween50and200": 0.2489,
            "rsi14": 64.3490115882754,
            "rsiTrendThreeDays": -0.0883,
            "rsiTrendFiveDays": -0.1226,
            "collateralValue": 0.0000,
            "profitMargin": -6.7839,
            "debtToEquityRatio": 1.2647,
            "sales": 16082000.00,
            "totalAssets": 378219000.00,
            "totalLiabilities": 211213000.00,
            "netProfit": -109099000.00
        },
        {
            "orderbookId": "5349",
            "type": "STOCK",
            "name": "BioGaia B",
            "shortName": "BIOG B",
            "currency": "SEK",
            "countryCode": "SE",
            "marketPlaceCode": "XSTO",
            "directYield": 0.0188,
            "priceEarningsRatio": 33.87,
            "lastPrice": 103.7,
            "highestPrice": 104.1,
            "lowestPrice": 102.7,
            "buyPrice": 103.8,
            "sellPrice": 104.1,
            "totalValueTraded": 8184228.45,
            "totalVolumeTraded": 79012,
            "lastPriceUpdated": 1748429974000,
            "oneDayChangePercent": 0.0058,
            "oneWeekChangePercent": -0.0189,
            "startOfYearChangePercent": -0.0733,
            "oneYearChangePercent": -0.1822,
            "oneMonthChangePercent": 0.0267,
            "threeMonthsChangePercent": -0.1724,
            "sixMonthsChangePercent": -0.0226,
            "threeYearsChangePercent": 0.0647,
            "fiveYearsChangePercent": 0.0647,
            "tenYearsChangePercent": 0.8193,
            "infinityChangePercent": 55.0541,
            "numberOfOwners": 5332,
            "hasPosition": false,
            "hasAnalysis": false,
            "nextCompanyReport": "2025-07-18",
            "shortSellingRatio": 0.0038,
            "evEbitRatio": 24.76,
            "netDebtEbitdaRatio": -2.52,
            "pricePerSaleRatio": 7.39,
            "returnOnEquity": 0.1741,
            "priceBookRatio": 5.90,
            "earningsPerShare": 3.06,
            "dividendPerShare": 6.90,
            "equityPerShare": 17.59,
            "dividendRatio": 1.9828,
            "turnoverPerShare": 14.03,
            "marketCapitalization": 10490.5315,
            "marketCap": 10490531547,
            "beta": 0.63,
            "volatility": 0.2850,
            "sma20": -0.0073,
            "sma50": -0.0222,
            "sma200": -0.0822,
            "smaBetween50and200": -0.0614,
            "rsi14": 43.20388349514561,
            "rsiTrendThreeDays": -0.0063,
            "rsiTrendFiveDays": -0.1937,
            "collateralValue": 0.5000,
            "dividendsPerYear": 2,
            "nextDividend": "2025-05-08",
            "profitMargin": 0.2183,
            "debtToEquityRatio": 0.1423,
            "sales": 1419190000.00,
            "totalAssets": 2032240000.00,
            "totalLiabilities": 253160000.00,
            "netProfit": 309740000.00
        },
        {
            "orderbookId": "5304",
            "type": "STOCK",
            "name": "Active Biotech",
            "shortName": "ACTI",
            "currency": "SEK",
            "countryCode": "SE",
            "marketPlaceCode": "XSTO",
            "directYield": 0.0000,
            "priceEarningsRatio": -8.56,
            "lastPrice": 0.2770,
            "highestPrice": 0.2900,
            "lowestPrice": 0.2600,
            "buyPrice": 0.2785,
            "sellPrice": 0.2790,
            "totalValueTraded": 10576784.818,
            "totalVolumeTraded": 38038166,
            "lastPriceUpdated": 1748429972000,
            "oneDayChangePercent": 0.0336,
            "oneWeekChangePercent": 1.3514,
            "startOfYearChangePercent": 1.5460,
            "oneYearChangePercent": -0.4438,
            "oneMonthChangePercent": 2.1839,
            "threeMonthsChangePercent": 2.0340,
            "sixMonthsChangePercent": 0.0716,
            "threeYearsChangePercent": -0.7527,
            "fiveYearsChangePercent": -0.8903,
            "tenYearsChangePercent": -0.9747,
            "infinityChangePercent": -0.9982,
            "numberOfOwners": 11622,
            "hasPosition": false,
            "hasAnalysis": false,
            "nextCompanyReport": "2025-08-21",
            "shortSellingRatio": 0.0000,
            "evEbitRatio": -7.81,
            "netDebtEbitdaRatio": 0.68,
            "returnOnEquity": -1.8341,
            "priceBookRatio": 15.70,
            "earningsPerShare": -0.08,
            "dividendPerShare": 0.00,
            "equityPerShare": 0.02,
            "dividendRatio": 0.0000,
            "turnoverPerShare": 0.00,
            "marketCapitalization": 340.7556,
            "marketCap": 340755617,
            "beta": 0.21,
            "volatility": 2.0027,
            "sma20": 1.0543,
            "sma50": 1.6033,
            "sma200": 0.3497,
            "smaBetween50and200": -0.4815,
            "rsi14": 85.80086580086581,
            "rsiTrendThreeDays": 0.1141,
            "rsiTrendFiveDays": 0.1882,
            "collateralValue": 0.0000,
            "debtToEquityRatio": 0.5300,
            "sales": 0.00,
            "totalAssets": 33200000.00,
            "totalLiabilities": 11500000.00,
            "netProfit": -39800000.00
        },
        {
            "orderbookId": "861798",
            "type": "STOCK",
            "name": "Dicot Pharma",
            "shortName": "DICOT",
            "currency": "SEK",
            "countryCode": "SE",
            "marketPlaceCode": "FNSE",
            "directYield": 0.0000,
            "priceEarningsRatio": -13.17,
            "lastPrice": 0.4965,
            "highestPrice": 0.520,
            "lowestPrice": 0.4900,
            "buyPrice": 0.4940,
            "sellPrice": 0.4955,
            "totalValueTraded": 10954587.292,
            "totalVolumeTraded": 21804131,
            "lastPriceUpdated": 1748429993000,
            "oneDayChangePercent": 0.0924,
            "oneWeekChangePercent": 0.0620,
            "startOfYearChangePercent": 1.0474,
            "oneYearChangePercent": 0.9319,
            "oneMonthChangePercent": 0.4433,
            "threeMonthsChangePercent": 0.7210,
            "sixMonthsChangePercent": 1.2018,
            "threeYearsChangePercent": 0.3640,
            "fiveYearsChangePercent": -0.5226,
            "infinityChangePercent": -0.9423,
            "numberOfOwners": 8242,
            "hasPosition": false,
            "hasAnalysis": false,
            "nextCompanyReport": "2025-08-11",
            "shortSellingRatio": 0.0000,
            "evEbitRatio": -11.42,
            "netDebtEbitdaRatio": 1.34,
            "returnOnEquity": -0.7584,
            "priceBookRatio": 9.99,
            "earningsPerShare": -0.05,
            "dividendPerShare": 0.00,
            "equityPerShare": 0.04,
            "dividendRatio": 0.0000,
            "turnoverPerShare": 0.00,
            "marketCapitalization": 997.6386,
            "marketCap": 997638552,
            "beta": 0.45,
            "volatility": 0.7024,
            "sma20": 0.1530,
            "sma50": 0.3772,
            "sma200": 0.7741,
            "smaBetween50and200": 0.2882,
            "rsi14": 73.95626242544732,
            "rsiTrendThreeDays": 0.0007,
            "rsiTrendFiveDays": -0.1150,
            "collateralValue": 0.0000,
            "debtToEquityRatio": 0.1595,
            "sales": 0.00,
            "totalAssets": 102500000.00,
            "totalLiabilities": 14100000.00,
            "netProfit": -67040000.00
        },
        {
            "orderbookId": "5410",
            "type": "STOCK",
            "name": "RaySearch Laboratories B",
            "shortName": "RAY B",
            "currency": "SEK",
            "countryCode": "SE",
            "marketPlaceCode": "XSTO",
            "directYield": 0.0099,
            "priceEarningsRatio": 46.45,
            "lastPrice": 303.0,
            "highestPrice": 309.0,
            "lowestPrice": 303.0,
            "buyPrice": 304.0,
            "sellPrice": 305.5,
            "totalValueTraded": 13249853.5,
            "totalVolumeTraded": 43510,
            "lastPriceUpdated": 1748429995000,
            "oneDayChangePercent": -0.0098,
            "oneWeekChangePercent": -0.0335,
            "startOfYearChangePercent": 0.4028,
            "oneYearChangePercent": 1.1799,
            "oneMonthChangePercent": 0.2218,
            "threeMonthsChangePercent": 0.2024,
            "sixMonthsChangePercent": 0.4567,
            "threeYearsChangePercent": 3.5224,
            "fiveYearsChangePercent": 2.8996,
            "tenYearsChangePercent": 1.7054,
            "infinityChangePercent": 7.4448,
            "numberOfOwners": 7675,
            "hasPosition": false,
            "hasAnalysis": false,
            "nextCompanyReport": "2025-08-08",
            "shortSellingRatio": 0.0130,
            "evEbitRatio": 35.69,
            "netDebtEbitdaRatio": -0.10,
            "pricePerSaleRatio": 8.20,
            "returnOnEquity": 0.2426,
            "priceBookRatio": 11.27,
            "earningsPerShare": 6.52,
            "dividendPerShare": 3.00,
            "equityPerShare": 26.89,
            "dividendRatio": 0.5051,
            "turnoverPerShare": 36.94,
            "marketCapitalization": 10387.6802,
            "marketCap": 10387680219,
            "beta": 0.81,
            "volatility": 0.8391,
            "sma20": 0.0564,
            "sma50": 0.1939,
            "sma200": 0.4554,
            "smaBetween50and200": 0.2191,
            "rsi14": 75.29411764705883,
            "rsiTrendThreeDays": 0.0902,
            "rsiTrendFiveDays": 0.0138,
            "collateralValue": 0.5000,
            "dividendsPerYear": 1,
            "nextDividend": "2025-05-23",
            "profitMargin": 0.1766,
            "debtToEquityRatio": 1.2329,
            "sales": 1266530000.00,
            "totalAssets": 2058700000.00,
            "totalLiabilities": 1136730000.00,
            "netProfit": 223626000.00
        },
        {
            "orderbookId": "962596",
            "type": "STOCK",
            "name": "OssDsign",
            "shortName": "OSSD",
            "currency": "SEK",
            "countryCode": "SE",
            "marketPlaceCode": "FNSE",
            "directYield": 0.0000,
            "priceEarningsRatio": -25.68,
            "lastPrice": 13.96,
            "highestPrice": 14.10,
            "lowestPrice": 13.18,
            "buyPrice": 13.94,
            "sellPrice": 13.96,
            "totalValueTraded": 13422266.49,
            "totalVolumeTraded": 979843,
            "lastPriceUpdated": 1748429986000,
            "oneDayChangePercent": 0.0805,
            "oneWeekChangePercent": 0.0175,
            "startOfYearChangePercent": 0.4158,
            "oneYearChangePercent": 0.5307,
            "oneMonthChangePercent": 0.0738,
            "threeMonthsChangePercent": 0.0689,
            "sixMonthsChangePercent": 0.6840,
            "threeYearsChangePercent": 1.6142,
            "fiveYearsChangePercent": 0.0822,
            "infinityChangePercent": -0.3930,
            "numberOfOwners": 3565,
            "hasPosition": false,
            "hasAnalysis": false,
            "nextCompanyReport": "2025-08-19",
            "shortSellingRatio": 0.0029,
            "evEbitRatio": -25.68,
            "netDebtEbitdaRatio": 1.53,
            "pricePerSaleRatio": 9.00,
            "returnOnEquity": -0.2614,
            "priceBookRatio": 6.71,
            "earningsPerShare": -0.50,
            "dividendPerShare": 0.00,
            "equityPerShare": 2.08,
            "dividendRatio": 0.0000,
            "turnoverPerShare": 1.55,
            "marketCapitalization": 1363.3185,
            "marketCap": 1363318523,
            "beta": 0.47,
            "volatility": 0.5597,
            "sma20": -0.0403,
            "sma50": 0.0068,
            "sma200": 0.2946,
            "smaBetween50and200": 0.2859,
            "rsi14": 29.41176470588232,
            "rsiTrendThreeDays": -0.2347,
            "rsiTrendFiveDays": -0.2575,
            "collateralValue": 0.0000,
            "profitMargin": -0.3507,
            "debtToEquityRatio": 0.4043,
            "sales": 151400000.00,
            "totalAssets": 285170000.00,
            "totalLiabilities": 82100000.00,
            "netProfit": -53090000.00
        },
        {
            "orderbookId": "613452",
            "type": "STOCK",
            "name": "Camurus",
            "shortName": "CAMX",
            "currency": "SEK",
            "countryCode": "SE",
            "marketPlaceCode": "XSTO",
            "directYield": 0.0000,
            "priceEarningsRatio": 54.28,
            "lastPrice": 505.0,
            "highestPrice": 515.5,
            "lowestPrice": 505.0,
            "buyPrice": 506.5,
            "sellPrice": 507.5,
            "totalValueTraded": 17537526.5,
            "totalVolumeTraded": 34568,
            "lastPriceUpdated": 1748429970000,
            "oneDayChangePercent": -0.0127,
            "oneWeekChangePercent": -0.0543,
            "startOfYearChangePercent": -0.1070,
            "oneYearChangePercent": -0.0785,
            "oneMonthChangePercent": -0.1426,
            "threeMonthsChangePercent": -0.2383,
            "sixMonthsChangePercent": -0.0876,
            "threeYearsChangePercent": 1.5792,
            "fiveYearsChangePercent": 3.0726,
            "infinityChangePercent": 6.6515,
            "numberOfOwners": 9190,
            "hasPosition": false,
            "hasAnalysis": false,
            "nextCompanyReport": "2025-07-17",
            "shortSellingRatio": 0.0230,
            "pricePerSaleRatio": 14.60,
            "returnOnEquity": 0.1571,
            "priceBookRatio": 8.53,
            "earningsPerShare": 9.38,
            "dividendPerShare": 0.00,
            "equityPerShare": 59.22,
            "dividendRatio": 0.0000,
            "turnoverPerShare": 34.58,
            "marketCapitalization": 29733.9041,
            "marketCap": 29733904090,
            "beta": 0.68,
            "volatility": 0.5190,
            "sma20": -0.1304,
            "sma50": -0.1210,
            "sma200": -0.1608,
            "smaBetween50and200": -0.0453,
            "rsi14": 9.97304582210242,
            "rsiTrendThreeDays": -0.0993,
            "rsiTrendFiveDays": -0.2730,
            "collateralValue": 0.7000,
            "profitMargin": 0.2691,
            "debtToEquityRatio": 0.1383,
            "sales": 2035930000.00,
            "totalAssets": 3969130000.00,
            "totalLiabilities": 482150000.00,
            "netProfit": 547780000.00
        },
        {
            "orderbookId": "791946",
            "type": "STOCK",
            "name": "BioArctic B",
            "shortName": "BIOA B",
            "currency": "SEK",
            "countryCode": "SE",
            "marketPlaceCode": "XSTO",
            "directYield": 0.0000,
            "priceEarningsRatio": 17.22,
            "lastPrice": 175.4,
            "highestPrice": 178.0,
            "lowestPrice": 172.9,
            "buyPrice": 175.0,
            "sellPrice": 175.4,
            "totalValueTraded": 21618120.7,
            "totalVolumeTraded": 123479,
            "lastPriceUpdated": 1748429988000,
            "oneDayChangePercent": -0.0113,
            "oneWeekChangePercent": -0.0519,
            "startOfYearChangePercent": -0.1208,
            "oneYearChangePercent": -0.2307,
            "oneMonthChangePercent": -0.0729,
            "threeMonthsChangePercent": -0.2776,
            "sixMonthsChangePercent": -0.0645,
            "threeYearsChangePercent": 1.1403,
            "fiveYearsChangePercent": 1.5057,
            "infinityChangePercent": 5.0483,
            "numberOfOwners": 17225,
            "hasPosition": false,
            "hasAnalysis": false,
            "nextCompanyReport": "2025-08-28",
            "shortSellingRatio": 0.0372,
            "pricePerSaleRatio": 10.23,
            "returnOnEquity": 0.4664,
            "priceBookRatio": 8.03,
            "earningsPerShare": 10.20,
            "dividendPerShare": 0.00,
            "equityPerShare": 21.85,
            "dividendRatio": 0.0000,
            "turnoverPerShare": 17.14,
            "marketCapitalization": 15527.8963,
            "marketCap": 15527896269,
            "beta": 0.88,
            "volatility": 0.6393,
            "sma20": -0.0348,
            "sma50": -0.0343,
            "sma200": -0.0380,
            "smaBetween50and200": -0.0039,
            "rsi14": 46.83195592286501,
            "rsiTrendThreeDays": 0.0623,
            "rsiTrendFiveDays": 0.0921,
            "collateralValue": 0.3000,
            "profitMargin": 0.5944,
            "debtToEquityRatio": 0.0978,
            "sales": 1517320000.00,
            "totalAssets": 2123120000.00,
            "totalLiabilities": 189160000.00,
            "netProfit": 901950000.00
        },
        {
            "orderbookId": "51308",
            "type": "STOCK",
            "name": "Swedish Orphan Biovitrum",
            "shortName": "SOBI",
            "currency": "SEK",
            "countryCode": "SE",
            "marketPlaceCode": "XSTO",
            "directYield": 0.0000,
            "priceEarningsRatio": 25.50,
            "lastPrice": 293.6,
            "highestPrice": 295.4,
            "lowestPrice": 291.4,
            "buyPrice": 293.8,
            "sellPrice": 294.2,
            "totalValueTraded": 33015025.4,
            "totalVolumeTraded": 112489,
            "lastPriceUpdated": 1748429979000,
            "oneDayChangePercent": -0.0047,
            "oneWeekChangePercent": -0.0541,
            "startOfYearChangePercent": -0.0750,
            "oneYearChangePercent": 0.0630,
            "oneMonthChangePercent": 0.0576,
            "threeMonthsChangePercent": -0.0572,
            "sixMonthsChangePercent": -0.0461,
            "threeYearsChangePercent": 0.3954,
            "fiveYearsChangePercent": 0.4746,
            "tenYearsChangePercent": 1.2830,
            "infinityChangePercent": 4.8767,
            "numberOfOwners": 9040,
            "hasPosition": false,
            "hasAnalysis": true,
            "nextCompanyReport": "2025-07-15",
            "shortSellingRatio": 0.0253,
            "evEbitRatio": 20.08,
            "netDebtEbitdaRatio": 1.38,
            "pricePerSaleRatio": 3.84,
            "returnOnEquity": 0.1013,
            "priceBookRatio": 2.58,
            "earningsPerShare": 11.57,
            "dividendPerShare": 0.00,
            "equityPerShare": 109.65,
            "dividendRatio": 0.0000,
            "turnoverPerShare": 73.70,
            "marketCapitalization": 104521.6144,
            "marketCap": 104521614386,
            "beta": 0.54,
            "volatility": 0.2718,
            "sma20": -0.0178,
            "sma50": 0.0299,
            "sma200": -0.0418,
            "smaBetween50and200": -0.0695,
            "rsi14": 47.39336492890997,
            "rsiTrendThreeDays": -0.0331,
            "rsiTrendFiveDays": -0.2524,
            "collateralValue": 0.8000,
            "profitMargin": 0.1507,
            "debtToEquityRatio": 0.7962,
            "sales": 26236000000.00,
            "totalAssets": 70120000000.00,
            "totalLiabilities": 31083000000.00,
            "netProfit": 3954000000.00
        },
        {
            "orderbookId": "5431",
            "type": "STOCK",
            "name": "AstraZeneca",
            "shortName": "AZN",
            "currency": "SEK",
            "countryCode": "SE",
            "marketPlaceCode": "XSTO",
            "directYield": 0.0249,
            "priceEarningsRatio": 25.02,
            "lastPrice": 1356.5,
            "highestPrice": 1369.5,
            "lowestPrice": 1352.0,
            "buyPrice": 1352.0,
            "sellPrice": 1353.0,
            "totalValueTraded": 267613556,
            "totalVolumeTraded": 197279,
            "lastPriceUpdated": 1748429972000,
            "oneDayChangePercent": -0.0102,
            "oneWeekChangePercent": 0.0037,
            "startOfYearChangePercent": -0.0622,
            "oneYearChangePercent": -0.1828,
            "oneMonthChangePercent": 0.0086,
            "threeMonthsChangePercent": -0.1678,
            "sixMonthsChangePercent": -0.0709,
            "threeYearsChangePercent": 0.0277,
            "fiveYearsChangePercent": 0.3654,
            "tenYearsChangePercent": 1.3188,
            "infinityChangePercent": 2.5464,
            "numberOfOwners": 70707,
            "hasPosition": false,
            "hasAnalysis": false,
            "nextCompanyReport": "2025-07-29",
            "shortSellingRatio": 0.0030,
            "evEbitRatio": 20.59,
            "netDebtEbitdaRatio": 1.37,
            "pricePerSaleRatio": 3.50,
            "returnOnEquity": 0.2100,
            "priceBookRatio": 5.25,
            "earningsPerShare": 54.14,
            "dividendPerShare": 34.19,
            "equityPerShare": 258.27,
            "dividendRatio": 0.6828,
            "turnoverPerShare": 387.37,
            "marketCapitalization": 2103441.0601,
            "marketCap": 2103441060138,
            "beta": 0.26,
            "volatility": 0.2244,
            "sma20": 0.0161,
            "sma50": -0.0108,
            "sma200": -0.0994,
            "smaBetween50and200": -0.0896,
            "rsi14": 56.830601092896174,
            "rsiTrendThreeDays": 0.1552,
            "rsiTrendFiveDays": 0.1052,
            "collateralValue": 0.8000,
            "dividendsPerYear": 1,
            "nextDividend": "2025-02-20",
            "profitMargin": 0.1400,
            "debtToEquityRatio": 1.5833,
            "sales": 600666911580.00,
            "totalAssets": 1034547209920.00,
            "totalLiabilities": 634069470080.00,
            "netProfit": 84086217940.00
        }
    ],
    "filter": {
        "countryCodes": [],
        "marketPlaceCodes": [],
        "marketPlaces": [
            "se"
        ],
        "sectors": [
            "17"
        ]
    },
    "pagination": {
        "offset": 0,
        "limit": 120
    },
    "sortBy": {
        "field": "totalValueTraded",
        "order": "asc"
    },
    "totalNumberOfOrderbooks": 105,
    "filterOptions": {
        "countryCodes": [
            {
                "value": "SE",
                "displayName": "Sverige",
                "numberOfOrderbooks": "105"
            },
            {
                "value": "US",
                "displayName": "USA",
                "numberOfOrderbooks": "0"
            },
            {
                "value": "NO",
                "displayName": "Norge",
                "numberOfOrderbooks": "0"
            },
            {
                "value": "DE",
                "displayName": "Tyskland",
                "numberOfOrderbooks": "0"
            },
            {
                "value": "CA",
                "displayName": "Kanada",
                "numberOfOrderbooks": "0"
            },
            {
                "value": "DK",
                "displayName": "Danmark",
                "numberOfOrderbooks": "0"
            },
            {
                "value": "FI",
                "displayName": "Finland",
                "numberOfOrderbooks": "0"
            },
            {
                "value": "FR",
                "displayName": "Frankrike",
                "numberOfOrderbooks": "0"
            },
            {
                "value": "NL",
                "displayName": "Nederländerna",
                "numberOfOrderbooks": "0"
            },
            {
                "value": "IT",
                "displayName": "Italien",
                "numberOfOrderbooks": "0"
            },
            {
                "value": "BE",
                "displayName": "Belgien",
                "numberOfOrderbooks": "0"
            },
            {
                "value": "PT",
                "displayName": "Portugal",
                "numberOfOrderbooks": "0"
            },
            {
                "value": "CH",
                "displayName": "Schweiz",
                "numberOfOrderbooks": "0"
            },
            {
                "value": "ES",
                "displayName": "Spanien",
                "numberOfOrderbooks": "0"
            }
        ],
        "marketPlaces": [
            {
                "value": "se",
                "displayName": "Sverige",
                "numberOfOrderbooks": "105",
                "children": [
                    {
                        "value": "se.xsto",
                        "displayName": "Stockholmsbörsen",
                        "numberOfOrderbooks": "34",
                        "children": [
                            {
                                "value": "se.xsto.large cap stockholm",
                                "displayName": "Large Cap Stockholm",
                                "numberOfOrderbooks": "6"
                            },
                            {
                                "value": "se.xsto.mid cap stockholm",
                                "displayName": "Mid Cap Stockholm",
                                "numberOfOrderbooks": "6"
                            },
                            {
                                "value": "se.xsto.small cap stockholm",
                                "displayName": "Small Cap Stockholm",
                                "numberOfOrderbooks": "22"
                            },
                            {
                                "value": "se.xsto.xterna listan",
                                "displayName": "Xterna listan",
                                "numberOfOrderbooks": "0"
                            }
                        ]
                    },
                    {
                        "value": "se.fnse",
                        "displayName": "First North Stockholm",
                        "numberOfOrderbooks": "50"
                    },
                    {
                        "value": "se.xngm",
                        "displayName": "NGM",
                        "numberOfOrderbooks": "1"
                    },
                    {
                        "value": "se.nsme",
                        "displayName": "Nordic SME",
                        "numberOfOrderbooks": "6"
                    },
                    {
                        "value": "se.xxxx",
                        "displayName": "Inofficiella (beQuoted)",
                        "numberOfOrderbooks": "0"
                    },
                    {
                        "value": "se.xsat",
                        "displayName": "Spotlight Stock Market",
                        "numberOfOrderbooks": "14"
                    }
                ]
            },
            {
                "value": "us",
                "displayName": "USA",
                "numberOfOrderbooks": "737",
                "children": [
                    {
                        "value": "us.xnas",
                        "displayName": "NASDAQ",
                        "numberOfOrderbooks": "674"
                    },
                    {
                        "value": "us.xnys",
                        "displayName": "NYSE",
                        "numberOfOrderbooks": "36"
                    },
                    {
                        "value": "us.xase",
                        "displayName": "NYSE American",
                        "numberOfOrderbooks": "27"
                    }
                ]
            },
            {
                "value": "no",
                "displayName": "Norge",
                "numberOfOrderbooks": "15",
                "children": [
                    {
                        "value": "no.xosl",
                        "displayName": "Oslobörsen",
                        "numberOfOrderbooks": "11",
                        "children": [
                            {
                                "value": "no.xosl.ob standard",
                                "displayName": "OB Standard",
                                "numberOfOrderbooks": "0"
                            },
                            {
                                "value": "no.xosl.ob match",
                                "displayName": "OB Match",
                                "numberOfOrderbooks": "11"
                            },
                            {
                                "value": "no.xosl.obx top 25",
                                "displayName": "OBX Top 25",
                                "numberOfOrderbooks": "0"
                            },
                            {
                                "value": "no.xosl.egenkapitalbevis",
                                "displayName": "Egenkapitalbevis",
                                "numberOfOrderbooks": "0"
                            }
                        ]
                    },
                    {
                        "value": "no.xoas",
                        "displayName": "Oslo Axess",
                        "numberOfOrderbooks": "0"
                    },
                    {
                        "value": "no.merk",
                        "displayName": "Merkur Market",
                        "numberOfOrderbooks": "4"
                    },
                    {
                        "value": "no.xsat",
                        "displayName": "Spotlight Stock Market",
                        "numberOfOrderbooks": "0"
                    }
                ]
            },
            {
                "value": "de",
                "displayName": "Tyskland",
                "numberOfOrderbooks": "8"
            },
            {
                "value": "ca",
                "displayName": "Kanada",
                "numberOfOrderbooks": "203",
                "children": [
                    {
                        "value": "ca.xtsx",
                        "displayName": "TSX Venture Exchange",
                        "numberOfOrderbooks": "36"
                    },
                    {
                        "value": "ca.xtse",
                        "displayName": "Toronto Stock Exchange",
                        "numberOfOrderbooks": "33"
                    },
                    {
                        "value": "ca.xcnq",
                        "displayName": "Canadian Securities Exchange",
                        "numberOfOrderbooks": "134"
                    }
                ]
            },
            {
                "value": "dk",
                "displayName": "Danmark",
                "numberOfOrderbooks": "16",
                "children": [
                    {
                        "value": "dk.xcse",
                        "displayName": "Köpenhamnsbörsen",
                        "numberOfOrderbooks": "12",
                        "children": [
                            {
                                "value": "dk.xcse.large cap copenhagen",
                                "displayName": "Large Cap Copenhagen",
                                "numberOfOrderbooks": "8"
                            },
                            {
                                "value": "dk.xcse.mid cap copenhagen",
                                "displayName": "Mid Cap Copenhagen",
                                "numberOfOrderbooks": "1"
                            },
                            {
                                "value": "dk.xcse.small cap copenhagen",
                                "displayName": "Small Cap Copenhagen",
                                "numberOfOrderbooks": "3"
                            }
                        ]
                    },
                    {
                        "value": "dk.fndk",
                        "displayName": "First North Köpenhamn",
                        "numberOfOrderbooks": "2"
                    },
                    {
                        "value": "dk.xsat",
                        "displayName": "Spotlight Stock Market",
                        "numberOfOrderbooks": "2"
                    }
                ]
            },
            {
                "value": "fi",
                "displayName": "Finland",
                "numberOfOrderbooks": "4",
                "children": [
                    {
                        "value": "fi.fnfi",
                        "displayName": "First North Helsingfors",
                        "numberOfOrderbooks": "2"
                    },
                    {
                        "value": "fi.xhel",
                        "displayName": "Helsingforsbörsen",
                        "numberOfOrderbooks": "2",
                        "children": [
                            {
                                "value": "fi.xhel.large cap helsinki",
                                "displayName": "Large Cap Helsinki",
                                "numberOfOrderbooks": "2"
                            },
                            {
                                "value": "fi.xhel.mid cap helsinki",
                                "displayName": "Mid Cap Helsinki",
                                "numberOfOrderbooks": "0"
                            },
                            {
                                "value": "fi.xhel.small cap helsinki",
                                "displayName": "Small Cap Helsinki",
                                "numberOfOrderbooks": "0"
                            },
                            {
                                "value": "fi.xhel.prelist",
                                "displayName": "Prelist",
                                "numberOfOrderbooks": "0"
                            }
                        ]
                    }
                ]
            },
            {
                "value": "fr",
                "displayName": "Frankrike",
                "numberOfOrderbooks": "18"
            },
            {
                "value": "nl",
                "displayName": "Nederländerna",
                "numberOfOrderbooks": "4"
            },
            {
                "value": "it",
                "displayName": "Italien",
                "numberOfOrderbooks": "2"
            },
            {
                "value": "be",
                "displayName": "Belgien",
                "numberOfOrderbooks": "6"
            },
            {
                "value": "pt",
                "displayName": "Portugal",
                "numberOfOrderbooks": "0"
            },
            {
                "value": "ch",
                "displayName": "Schweiz",
                "numberOfOrderbooks": "7"
            },
            {
                "value": "es",
                "displayName": "Spanien",
                "numberOfOrderbooks": "0"
            }
        ],
        "sectors": [
            {
                "value": "8",
                "displayName": "Energi",
                "numberOfOrderbooks": "28",
                "children": [
                    {
                        "value": "7",
                        "displayName": "Blandade",
                        "numberOfOrderbooks": "3",
                        "children": [
                            {
                                "value": "134",
                                "displayName": "Främst förnyelsebar",
                                "numberOfOrderbooks": "3"
                            },
                            {
                                "value": "76",
                                "displayName": "Främst icke-förnyelsebar",
                                "numberOfOrderbooks": "0"
                            }
                        ]
                    },
                    {
                        "value": "95",
                        "displayName": "Distribution",
                        "numberOfOrderbooks": "1",
                        "children": [
                            {
                                "value": "94",
                                "displayName": "Distribution",
                                "numberOfOrderbooks": "1"
                            }
                        ]
                    },
                    {
                        "value": "137",
                        "displayName": "Alternativa energikällor",
                        "numberOfOrderbooks": "3",
                        "children": [
                            {
                                "value": "136",
                                "displayName": "Biobränsle",
                                "numberOfOrderbooks": "2"
                            },
                            {
                                "value": "141",
                                "displayName": "Vätgas",
                                "numberOfOrderbooks": "1"
                            }
                        ]
                    },
                    {
                        "value": "69",
                        "displayName": "Borrutrustning & Tjänster",
                        "numberOfOrderbooks": "3",
                        "children": [
                            {
                                "value": "73",
                                "displayName": "Borrutrustning",
                                "numberOfOrderbooks": "1"
                            },
                            {
                                "value": "130",
                                "displayName": "Geologiska Produkter & Tjänster",
                                "numberOfOrderbooks": "2"
                            }
                        ]
                    },
                    {
                        "value": "62",
                        "displayName": "Förnyelsebara energikällor",
                        "numberOfOrderbooks": "12",
                        "children": [
                            {
                                "value": "111",
                                "displayName": "Vindenergi",
                                "numberOfOrderbooks": "4"
                            },
                            {
                                "value": "104",
                                "displayName": "Solenergi",
                                "numberOfOrderbooks": "7"
                            },
                            {
                                "value": "61",
                                "displayName": "Vattenenergi",
                                "numberOfOrderbooks": "1"
                            }
                        ]
                    },
                    {
                        "value": "13",
                        "displayName": "Icke-förnyelsebar energiproduktion",
                        "numberOfOrderbooks": "6",
                        "children": [
                            {
                                "value": "12",
                                "displayName": "Olja",
                                "numberOfOrderbooks": "5"
                            },
                            {
                                "value": "75",
                                "displayName": "Kol",
                                "numberOfOrderbooks": "0"
                            },
                            {
                                "value": "103",
                                "displayName": "Gas",
                                "numberOfOrderbooks": "1"
                            }
                        ]
                    }
                ]
            },
            {
                "value": "65",
                "displayName": "Fastigheter",
                "numberOfOrderbooks": "92",
                "children": [
                    {
                        "value": "40",
                        "displayName": "Fastigheter & Utveckling",
                        "numberOfOrderbooks": "88",
                        "children": [
                            {
                                "value": "144",
                                "displayName": "Bostäder",
                                "numberOfOrderbooks": "14"
                            },
                            {
                                "value": "74",
                                "displayName": "Samhällsfastigheter",
                                "numberOfOrderbooks": "8"
                            },
                            {
                                "value": "53",
                                "displayName": "Kontor",
                                "numberOfOrderbooks": "5"
                            },
                            {
                                "value": "132",
                                "displayName": "Hotell",
                                "numberOfOrderbooks": "2"
                            },
                            {
                                "value": "39",
                                "displayName": "Kommersiella Fastigheter",
                                "numberOfOrderbooks": "29"
                            },
                            {
                                "value": "91",
                                "displayName": "Fastighetsutveckling",
                                "numberOfOrderbooks": "16"
                            },
                            {
                                "value": "145",
                                "displayName": "Lager & Logistik",
                                "numberOfOrderbooks": "14"
                            }
                        ]
                    },
                    {
                        "value": "4",
                        "displayName": "Fastighetsinvesteringar",
                        "numberOfOrderbooks": "4",
                        "children": [
                            {
                                "value": "3",
                                "displayName": "Fastighetsförvaltning",
                                "numberOfOrderbooks": "4"
                            },
                            {
                                "value": "36",
                                "displayName": "REIT",
                                "numberOfOrderbooks": "0"
                            }
                        ]
                    }
                ]
            },
            {
                "value": "21",
                "displayName": "Finans",
                "numberOfOrderbooks": "109",
                "children": [
                    {
                        "value": "49",
                        "displayName": "Investeringar",
                        "numberOfOrderbooks": "71",
                        "children": [
                            {
                                "value": "51",
                                "displayName": "Investmentbolag",
                                "numberOfOrderbooks": "70"
                            },
                            {
                                "value": "48",
                                "displayName": "SPAC",
                                "numberOfOrderbooks": "1"
                            }
                        ]
                    },
                    {
                        "value": "2",
                        "displayName": "Finansiella Tjänster",
                        "numberOfOrderbooks": "21",
                        "children": [
                            {
                                "value": "101",
                                "displayName": "Försäkring",
                                "numberOfOrderbooks": "3"
                            },
                            {
                                "value": "124",
                                "displayName": "Börs & Dataleverantörer",
                                "numberOfOrderbooks": "1"
                            },
                            {
                                "value": "1",
                                "displayName": "Kapitalförvaltning",
                                "numberOfOrderbooks": "8"
                            },
                            {
                                "value": "98",
                                "displayName": "Betalningslösningar & Transaktioner",
                                "numberOfOrderbooks": "3"
                            },
                            {
                                "value": "150",
                                "displayName": "Kryptovalutor & Plattformar",
                                "numberOfOrderbooks": "6"
                            }
                        ]
                    },
                    {
                        "value": "23",
                        "displayName": "Bank",
                        "numberOfOrderbooks": "17",
                        "children": [
                            {
                                "value": "66",
                                "displayName": "Konsumentkredit",
                                "numberOfOrderbooks": "4"
                            },
                            {
                                "value": "71",
                                "displayName": "Traditionell Bankverksamhet",
                                "numberOfOrderbooks": "9"
                            },
                            {
                                "value": "22",
                                "displayName": "Sparande & Investering",
                                "numberOfOrderbooks": "4"
                            }
                        ]
                    }
                ]
            },
            {
                "value": "15",
                "displayName": "Hälsovård",
                "numberOfOrderbooks": "190",
                "children": [
                    {
                        "value": "20",
                        "displayName": "Vård- och Omsorg",
                        "numberOfOrderbooks": "8",
                        "children": [
                            {
                                "value": "87",
                                "displayName": "Hälsovårdstjänster",
                                "numberOfOrderbooks": "5"
                            },
                            {
                                "value": "133",
                                "displayName": "Sjukvårdsanläggningar",
                                "numberOfOrderbooks": "3"
                            }
                        ]
                    },
                    {
                        "value": "84",
                        "displayName": "Medicinsk Utrustning & Service",
                        "numberOfOrderbooks": "77",
                        "children": [
                            {
                                "value": "83",
                                "displayName": "Medicinsk utrustning",
                                "numberOfOrderbooks": "69"
                            },
                            {
                                "value": "114",
                                "displayName": "Medicinska tjänster",
                                "numberOfOrderbooks": "8"
                            }
                        ]
                    },
                    {
                        "value": "17",
                        "displayName": "Bioteknik & Läkemedel",
                        "numberOfOrderbooks": "105",
                        "children": [
                            {
                                "value": "43",
                                "displayName": "Läkemedel",
                                "numberOfOrderbooks": "39"
                            },
                            {
                                "value": "16",
                                "displayName": "Cannabis",
                                "numberOfOrderbooks": "2"
                            },
                            {
                                "value": "99",
                                "displayName": "Bioteknik",
                                "numberOfOrderbooks": "64"
                            }
                        ]
                    }
                ]
            },
            {
                "value": "29",
                "displayName": "Industri",
                "numberOfOrderbooks": "176",
                "children": [
                    {
                        "value": "86",
                        "displayName": "Konglomerat",
                        "numberOfOrderbooks": "9",
                        "children": [
                            {
                                "value": "85",
                                "displayName": "Konglomerat",
                                "numberOfOrderbooks": "9"
                            }
                        ]
                    },
                    {
                        "value": "52",
                        "displayName": "Elektronisk Utrustning",
                        "numberOfOrderbooks": "18",
                        "children": [
                            {
                                "value": "118",
                                "displayName": "Eluttag & Laddningstationer",
                                "numberOfOrderbooks": "2"
                            },
                            {
                                "value": "64",
                                "displayName": "Elektriska Komponenter",
                                "numberOfOrderbooks": "16"
                            }
                        ]
                    },
                    {
                        "value": "81",
                        "displayName": "Bygg & Konstruktion",
                        "numberOfOrderbooks": "19",
                        "children": [
                            {
                                "value": "80",
                                "displayName": "Konstruktion",
                                "numberOfOrderbooks": "11"
                            },
                            {
                                "value": "121",
                                "displayName": "Material",
                                "numberOfOrderbooks": "8"
                            }
                        ]
                    },
                    {
                        "value": "6",
                        "displayName": "Industriella Varor & Tjänster",
                        "numberOfOrderbooks": "125",
                        "children": [
                            {
                                "value": "33",
                                "displayName": "Industriella vitvaror",
                                "numberOfOrderbooks": "8"
                            },
                            {
                                "value": "92",
                                "displayName": "Konsult & Installationstjänster",
                                "numberOfOrderbooks": "10"
                            },
                            {
                                "value": "107",
                                "displayName": "Försvar",
                                "numberOfOrderbooks": "4"
                            },
                            {
                                "value": "131",
                                "displayName": "Komponenter & Verktyg",
                                "numberOfOrderbooks": "26"
                            },
                            {
                                "value": "125",
                                "displayName": "Lastbilar & Tunga Fordon",
                                "numberOfOrderbooks": "7"
                            },
                            {
                                "value": "14",
                                "displayName": "Rymdindustri",
                                "numberOfOrderbooks": "3"
                            },
                            {
                                "value": "122",
                                "displayName": "Säkerhetstjänster",
                                "numberOfOrderbooks": "10"
                            },
                            {
                                "value": "108",
                                "displayName": "Process & Automation",
                                "numberOfOrderbooks": "19"
                            },
                            {
                                "value": "5",
                                "displayName": "Klimatlösningar",
                                "numberOfOrderbooks": "21"
                            },
                            {
                                "value": "9",
                                "displayName": "Avfall & Återvinning",
                                "numberOfOrderbooks": "6"
                            },
                            {
                                "value": "34",
                                "displayName": "Bemanning",
                                "numberOfOrderbooks": "11"
                            }
                        ]
                    },
                    {
                        "value": "58",
                        "displayName": "Transport & Logistik",
                        "numberOfOrderbooks": "5",
                        "children": [
                            {
                                "value": "127",
                                "displayName": "Flygbolag",
                                "numberOfOrderbooks": "0"
                            },
                            {
                                "value": "119",
                                "displayName": "Flygplatser",
                                "numberOfOrderbooks": "0"
                            },
                            {
                                "value": "135",
                                "displayName": "Kollektivtransporter",
                                "numberOfOrderbooks": "1"
                            },
                            {
                                "value": "116",
                                "displayName": "Leveranstjänster",
                                "numberOfOrderbooks": "1"
                            },
                            {
                                "value": "96",
                                "displayName": "Sjöfart",
                                "numberOfOrderbooks": "3"
                            },
                            {
                                "value": "57",
                                "displayName": "Åkerier",
                                "numberOfOrderbooks": "0"
                            }
                        ]
                    }
                ]
            },
            {
                "value": "24",
                "displayName": "Konsumentvaror & Tjänster",
                "numberOfOrderbooks": "128",
                "children": [
                    {
                        "value": "42",
                        "displayName": "Konsumenttjänster",
                        "numberOfOrderbooks": "25",
                        "children": [
                            {
                                "value": "123",
                                "displayName": "Restauranger",
                                "numberOfOrderbooks": "0"
                            },
                            {
                                "value": "41",
                                "displayName": "Övriga konsumenttjänster",
                                "numberOfOrderbooks": "7"
                            },
                            {
                                "value": "100",
                                "displayName": "Resor & Nöjen",
                                "numberOfOrderbooks": "4"
                            },
                            {
                                "value": "72",
                                "displayName": "Utbildning & Tjänster",
                                "numberOfOrderbooks": "4"
                            },
                            {
                                "value": "117",
                                "displayName": "Betting & Kasino",
                                "numberOfOrderbooks": "10"
                            }
                        ]
                    },
                    {
                        "value": "47",
                        "displayName": "Återförsäljare",
                        "numberOfOrderbooks": "26",
                        "children": [
                            {
                                "value": "138",
                                "displayName": "Apotek",
                                "numberOfOrderbooks": "0"
                            },
                            {
                                "value": "54",
                                "displayName": "Butiker",
                                "numberOfOrderbooks": "4"
                            },
                            {
                                "value": "46",
                                "displayName": "E-Handel",
                                "numberOfOrderbooks": "20"
                            },
                            {
                                "value": "106",
                                "displayName": "Livsmedelsdistributörer",
                                "numberOfOrderbooks": "2"
                            }
                        ]
                    },
                    {
                        "value": "35",
                        "displayName": "Livsmedelsproducenter",
                        "numberOfOrderbooks": "1",
                        "children": [
                            {
                                "value": "60",
                                "displayName": "Jordbruk, odling och fiske",
                                "numberOfOrderbooks": "1"
                            }
                        ]
                    },
                    {
                        "value": "31",
                        "displayName": "Personliga varor",
                        "numberOfOrderbooks": "8",
                        "children": [
                            {
                                "value": "30",
                                "displayName": "Personlig Hygien",
                                "numberOfOrderbooks": "3"
                            },
                            {
                                "value": "129",
                                "displayName": "Kosmetika",
                                "numberOfOrderbooks": "1"
                            },
                            {
                                "value": "70",
                                "displayName": "Kläder & Accessoarer",
                                "numberOfOrderbooks": "4"
                            }
                        ]
                    },
                    {
                        "value": "45",
                        "displayName": "Hem & Bostad",
                        "numberOfOrderbooks": "13",
                        "children": [
                            {
                                "value": "146",
                                "displayName": "Hemelektronik",
                                "numberOfOrderbooks": "4"
                            },
                            {
                                "value": "142",
                                "displayName": "Byggvaror",
                                "numberOfOrderbooks": "1"
                            },
                            {
                                "value": "59",
                                "displayName": "Hushållsprodukter",
                                "numberOfOrderbooks": "5"
                            },
                            {
                                "value": "44",
                                "displayName": "Vitvaror",
                                "numberOfOrderbooks": "3"
                            }
                        ]
                    },
                    {
                        "value": "26",
                        "displayName": "Fordonsindustri",
                        "numberOfOrderbooks": "10",
                        "children": [
                            {
                                "value": "120",
                                "displayName": "Autoservice & Återförsäljare",
                                "numberOfOrderbooks": "3"
                            },
                            {
                                "value": "68",
                                "displayName": "Biltillverkare",
                                "numberOfOrderbooks": "5"
                            },
                            {
                                "value": "25",
                                "displayName": "Bildelar",
                                "numberOfOrderbooks": "2"
                            }
                        ]
                    },
                    {
                        "value": "11",
                        "displayName": "Mat & Dryck",
                        "numberOfOrderbooks": "21",
                        "children": [
                            {
                                "value": "10",
                                "displayName": "Livsmedel",
                                "numberOfOrderbooks": "11"
                            },
                            {
                                "value": "79",
                                "displayName": "Tobakstillverkare",
                                "numberOfOrderbooks": "1"
                            },
                            {
                                "value": "93",
                                "displayName": "Kosttillskott",
                                "numberOfOrderbooks": "4"
                            },
                            {
                                "value": "82",
                                "displayName": "Bryggerier & Dryckestillverkare",
                                "numberOfOrderbooks": "5"
                            }
                        ]
                    },
                    {
                        "value": "32",
                        "displayName": "Media & Underhållning",
                        "numberOfOrderbooks": "24",
                        "children": [
                            {
                                "value": "115",
                                "displayName": "Ljud & Video Streaming",
                                "numberOfOrderbooks": "3"
                            },
                            {
                                "value": "50",
                                "displayName": "Underhållning",
                                "numberOfOrderbooks": "14"
                            },
                            {
                                "value": "112",
                                "displayName": "Media & Publikation",
                                "numberOfOrderbooks": "7"
                            }
                        ]
                    }
                ]
            },
            {
                "value": "110",
                "displayName": "Råmaterial",
                "numberOfOrderbooks": "58",
                "children": [
                    {
                        "value": "78",
                        "displayName": "Papper & Skogsindustri",
                        "numberOfOrderbooks": "12",
                        "children": [
                            {
                                "value": "147",
                                "displayName": "Skog & Massaindustri",
                                "numberOfOrderbooks": "2"
                            },
                            {
                                "value": "77",
                                "displayName": "Pappersprodukter",
                                "numberOfOrderbooks": "10"
                            }
                        ]
                    },
                    {
                        "value": "89",
                        "displayName": "Metall & Gruvdrift",
                        "numberOfOrderbooks": "28",
                        "children": [
                            {
                                "value": "151",
                                "displayName": "Ädelmetaller",
                                "numberOfOrderbooks": "11"
                            },
                            {
                                "value": "88",
                                "displayName": "Sällsynta Jordartsmetaller",
                                "numberOfOrderbooks": "2"
                            },
                            {
                                "value": "97",
                                "displayName": "Basmetaller",
                                "numberOfOrderbooks": "15"
                            }
                        ]
                    },
                    {
                        "value": "109",
                        "displayName": "Kemikalier",
                        "numberOfOrderbooks": "18",
                        "children": [
                            {
                                "value": "143",
                                "displayName": "Konsumentkemikalier",
                                "numberOfOrderbooks": "3"
                            },
                            {
                                "value": "148",
                                "displayName": "Industrikemikalier",
                                "numberOfOrderbooks": "14"
                            },
                            {
                                "value": "140",
                                "displayName": "Lantbrukskemikalier",
                                "numberOfOrderbooks": "1"
                            }
                        ]
                    }
                ]
            },
            {
                "value": "38",
                "displayName": "Teknologi",
                "numberOfOrderbooks": "231",
                "children": [
                    {
                        "value": "56",
                        "displayName": "Mjukvara",
                        "numberOfOrderbooks": "103",
                        "children": [
                            {
                                "value": "149",
                                "displayName": "SaaS-Leverantörer",
                                "numberOfOrderbooks": "33"
                            },
                            {
                                "value": "90",
                                "displayName": "Digitala Plattformar",
                                "numberOfOrderbooks": "44"
                            },
                            {
                                "value": "102",
                                "displayName": "Spelutvecklare",
                                "numberOfOrderbooks": "26"
                            }
                        ]
                    },
                    {
                        "value": "19",
                        "displayName": "Hårdvara",
                        "numberOfOrderbooks": "30",
                        "children": [
                            {
                                "value": "105",
                                "displayName": "Mobiltillverkare",
                                "numberOfOrderbooks": "0"
                            },
                            {
                                "value": "18",
                                "displayName": "Halvledare",
                                "numberOfOrderbooks": "3"
                            },
                            {
                                "value": "55",
                                "displayName": "Hårdvaruutrustning",
                                "numberOfOrderbooks": "27"
                            },
                            {
                                "value": "63",
                                "displayName": "Datorer & Servrar",
                                "numberOfOrderbooks": "0"
                            }
                        ]
                    },
                    {
                        "value": "28",
                        "displayName": "Telekommunikation",
                        "numberOfOrderbooks": "34",
                        "children": [
                            {
                                "value": "27",
                                "displayName": "Nätleverantörer",
                                "numberOfOrderbooks": "16"
                            },
                            {
                                "value": "67",
                                "displayName": "Telekomutrustning",
                                "numberOfOrderbooks": "18"
                            }
                        ]
                    },
                    {
                        "value": "37",
                        "displayName": "IT-Service",
                        "numberOfOrderbooks": "64",
                        "children": [
                            {
                                "value": "126",
                                "displayName": "IT-Konsulter",
                                "numberOfOrderbooks": "19"
                            },
                            {
                                "value": "139",
                                "displayName": "Datalagring",
                                "numberOfOrderbooks": "1"
                            },
                            {
                                "value": "128",
                                "displayName": "Cybersäkerhet",
                                "numberOfOrderbooks": "8"
                            },
                            {
                                "value": "113",
                                "displayName": "Digitala Tjänster",
                                "numberOfOrderbooks": "36"
                            }
                        ]
                    }
                ]
            }
        ],
        "marketCapitalization": {
            "minValue": 0.0004,
            "maxValue": 79561991.5261
        },
        "directYieldRatio": {
            "minValue": 0.0000,
            "maxValue": 51.2882
        },
        "priceEarningsRatio": {
            "minValue": -63390.65,
            "maxValue": 63900.86
        },
        "priceSalesRatio": {
            "minValue": -7001.62,
            "maxValue": 549285.46
        },
        "priceBookRatio": {
            "minValue": -1001.28,
            "maxValue": 3276.61
        },
        "evEbit": {
            "minValue": -45935.35,
            "maxValue": 27482.85
        },
        "netDebtEbitdaRatio": {
            "minValue": -462.00,
            "maxValue": 9312.03
        },
        "returnOnEquity": {
            "minValue": -553.0714,
            "maxValue": 4993.3333
        },
        "beta": {
            "minValue": 0.00,
            "maxValue": 779.38
        },
        "volatility": {
            "minValue": 0.0068,
            "maxValue": 58.6902
        },
        "numberOfOwners": {
            "minValue": 0,
            "maxValue": 466677
        }
    }
}